3168 5066
758 433 958 496 -18-

267 622 394 682 sucher
406 621 453 682 im
469 620 664 684 Altertum«
684 620 712 699 ί»
721 621 931 700 Philologus
944 621 1226 702 Supplementbd.
1239 625 1303 688 VII
1317 643 1374 705 pg.
1389 626 1450 687 366

267 727 379 808 adn«)
405 728 555 808 primum
584 746 604 791 a
629 728 790 791 Varrone
819 727 1009 791 adhibitum
1029 748 1109 796 esse
1130 739 1237 810 putat.
1280 733 1449 797 Videmus

265 835 369 915 igitur
384 837 476 898 hunc
491 853 627 916 quoque
642 836 712 911 περὶ
727 837 784 911 τῆς
799 834 964 908 ἑγκυκλιου
983 837 1127 912 παιδείας
1151 839 1348 916 Quintiliani
1362 849 1450 904 trac·

265 933 377 1006 tatum
388 961 432 1006 ex
444 953 518 1005 arte
531 947 760 1022 grammatica
775 943 1019 1022 depromptum
1031 963 1119 1022 esse,
1136 946 1199 1008 sed
1212 945 1364 1010 fortasse
1379 947 1449 1010 iarn

265 1051 359 1130 apud
374 1051 530 1114 Graecos
549 1049 698 1128 vestigia
712 1049 790 1112 talis
806 1050 1056 1114 dissertationis
1070 1052 1238 1132 indagare
1252 1072 1448 1133 possumus.

265 1159 354 1221 Nam
377 1176 421 1220 ex
442 1157 606 1237 Empirici
627 1157 713 1220 libro
736 1157 983 1236 grammaticos
1006 1170 1100 1224 certe
1116 1145 1220 1225 etiam
1236 1162 1278 1223 de
1295 1161 1448 1242 έγκυκλίιμ

264 1265 390 1345 παιδείᾳ
418 1265 532 1345 egisse
559 1264 799 1343 intellegimus.
829 1264 988 1328 Confessi
1009 1277 1164 1346 possunt,
1194 1285 1283 1347 quae
1304 1269 1339 1330 in
1360 1269 1449 1332 refu·

265 1373 395 1438 tatione
421 1373 518 1436 Sexti
545 1372 576 1452 (§
598 1373 658 1435 300
678 1372 766 1452 sqq.)
790 1377 923 1436 extant:
955 1372 1019 1435 έπεῖ
1040 1373 1148 1436 τοίνυν
1169 1378 1233 1436 πάν
1257 1376 1449 1453 σύγγραμμα

265 1482 315 1542 καὶ
336 1483 428 1542 ποῖσα
448 1480 578 1556 ποίησις
600 1479 634 1541 έκ
657 1480 773 1541 λέξεων
795 1481 861 1566 τῶν
884 1482 1060 1556 δηλουσῶν
1089 1483 1139 1542 καὶ
1160 1483 1355 1572 πραγμάτων
1383 1485 1448 1545 τῶν

265 1588 474 1665 δηλουμένων
499 1588 686 1663 συνέστηκε,
709 1584 818 1664 δεησει
839 1587 896 1647 τὸν
911 1587 1136 1664 γραμματικόν,
1154 1587 1239 1664 είπερ
1255 1585 1320 1665 ἔχει
1334 1589 1448 1666 τέχνην

265 1697 498 1771 διαρθρωτικήν
529 1695 595 1756 τῶν
623 1695 711 1770 παρὰ
739 1697 966 1771 συγγραφεῦσι
996 1696 1052 1756 καὶ
1079 1699 1227 1772 ποιηταῖς
1257 1697 1449 1773 λεγομένων,

263 1802 333 1878 ίγτυι
354 1804 412 1876 τὰς
433 1803 532 1876 λέξεις
555 1801 655 1878 μόνον
679 1801 697 1876 ἢ
719 1802 759 1861 τά
780 1800 972 1878 ὑποκείμενα
993 1801 1162 1878 πράγματα
1183 1803 1352 1878 γινώσκειν
1375 1804 1448 1878 ἢτὸ

265 1909 528 1986 συναμφότερον.
553 1907 636 1970 ἀλλὰ
667 1910 706 1969 τὰ
739 1910 794 1985 μέν
826 1907 1005 1984 πράγματα,
1032 1907 1090 1970 κᾶν
1120 1909 1211 1986 ἡμεῖς
1233 1911 1272 1986 μὴ
1298 1911 1449 1987 λέγωμεν,

264 2016 411 2092 φαίνεται
435 2017 473 2093 μὴ
497 2016 676 2090 γινώσκειν,
709 2016 835 2077 τούτων
866 2016 926 2091 γὰρ
947 2016 987 2075 τά
1014 2015 1069 2091 μέν
1093 2015 1160 2077 έστι
1189 2016 1321 2093 φυσικά,
1347 2018 1386 2078 τὰ
1413 2019 1449 2077 δὲ

265 2122 474 2200 μαθηματικά,
490 2123 529 2183 τὰ
546 2124 581 2183 δέ
597 2120 727 2198 ἰατρικά,
743 2124 781 2184 τά
798 2124 833 2182 δέ
854 2121 1002 2199 μουσικά,
1019 2123 1069 2182 καὶ
1085 2125 1133 2182 δεῖ
1147 2123 1277 2199 τὸνμὲν
1294 2127 1449 2201 φυσικοῖς

264 2229 477 2306 ἐπιβάλλοντα
508 2230 692 2307 πράγμασιν
726 2231 822 2304 εὐθὺς
844 2229 986 2306 φυσικὸν
1016 2225 1104 2305 εἶναι,
1127 2231 1255 2292 καὶτὸν
1279 2236 1448 2308 μουσικοῖς

265 2339 422 2415 μουσικὸν
445 2333 534 2416 εἶναι,
557 2340 679 2400 καὶτὸν
696 2341 926 2416 μαθηματικοῖς
943 2337 1038 2412 εὐθὺς
1054 2332 1133 2399 εἶναι
1150 2339 1377 2414 μαθηματικόν,
1398 2341 1449 2400 καὶ

162 2497 164 2505 .
263 2445 311 2507 έπὶ
330 2447 395 2508 τῶν
412 2446 520 2508 ἄλλων
538 2446 665 2524 ὁμοίως.
679 2448 700 2526 ¹)
730 2441 869 2509 Minime
890 2447 994 2526 igitur
1016 2447 1142 2524 dubito,
1165 2447 1245 2528 quin
1268 2448 1448 2510 exordium

262 2554 347 2617 artis
369 2555 466 2616 Fabii
489 2557 529 2633 (c.
551 2555 600 2617 IV
623 2554 659 2634 §§
674 2555 766 2631 2-5)
789 2572 811 2618 a
832 2553 1002 2632 Myrleani
1024 2563 1098 2617 arte
1119 2555 1287 2634 originem
1303 2555 1447 2618 duxerit.

371 2662 447 2738 Quo
469 2671 620 2725 tractatu
641 2661 821 2741 isagogico
844 2663 1003 2723 absoluto
1027 2663 1144 2724 statim
1160 2663 1202 2724 de
1218 2662 1448 2741 grammatica

262 2770 458 2833 dissertatio
482 2772 635 2850 sequitur
658 2779 692 2832 et
713 2770 862 2849 primum
884 2770 926 2831 de
948 2771 1069 2832 litteris
1097 2769 1148 2851 (§§
1171 2772 1292 2850 6-17).
1336 2770 1448 2848 Quem

261 2883 448 2952 tractatum
476 2878 704 2956 Quintilianus
735 2878 784 2940 ita
816 2878 974 2957 disponit,
1007 2887 1045 2940 ut
1072 2878 1221 2957 primum
1253 2878 1284 2958 (β
1307 2879 1339 2957 6)
1370 2896 1449 2940 eon-

261 2995 427 3048 sonantes
460 3003 481 3048 a
512 2985 691 3048 vocalibus
724 2986 847 3050 deinde
881 2985 1111 3047 semivocales
1144 3003 1165 3046 a
1193 2985 1297 3048 mutis
1325 2985 1446 3048 litteris

261 3103 435 3173 segreget.
482 3093 629 3156 Fecerat
658 3094 725 3154 hoc
753 3092 822 3154 iam
851 3093 1068 3170 Aristoteles
1098 3109 1199 3173 quem
1229 3093 1447 3176 Peripatetici
1503 3157 1506 3166 ,

261 3202 372 3264 secuti
400 3210 479 3264 sunt
505 3200 560 3280 (cf.
590 3201 673 3263 artis
702 3200 859 3281 poeticae
889 3219 916 3264 e.
939 3202 1021 3281 20,³:
1051 3201 1169 3277 ταύτης
1197 3201 1233 3262 δὲ
1256 3201 1332 3278 μέρη
1355 3200 1448 3261 τότε

261 3361 476 3370 --..————-·

368 3419 388 3476 ¹)
404 3416 602 3479 Angustioribus
624 3417 717 3464 finibus
741 3417 908 3478 grammatica
929 3432 969 3463 ars
993 3432 1007 3462 a
1026 3417 1152 3466 Chaeride
1175 3418 1199 3479 (ξ
1218 3418 1256 3476 76)
1279 3417 1441 3464 concluditur

259 3507 302 3568 qui
321 3507 450 3554 rhetorum
468 3507 620 3554 auctoritate
638 3514 770 3568 permotus
787 3505 851 3554 haec
869 3505 978 3568 profert:
997 3504 1093 3569 Χαῖρις
1111 3506 1142 3556 δέ
1161 3505 1191 3556 ἐν
1209 3509 1249 3556 τῶ
1262 3505 1367 3569 πρώτω
1380 3505 1444 3568 περὶ

258 3598 452 3659 γραμματικῆς
478 3595 531 3658 τήν
557 3594 669 3646 τελείαν
695 3594 765 3658 φησί
791 3596 987 3658 γραμματικὴν
1009 3593 1065 3646 ἕξιν
1089 3590 1162 3645 εἷναι
1186 3594 1241 3644 ἀπὸ
1263 3593 1363 3657 τέχνης
1387 3595 1445 3644 δια·
1471 3577 1473 3584 ’

258 3684 420 3748 γνωστικὴν
438 3689 497 3735 τῶν
515 3683 578 3748 παρ’
599 3685 699 3748 Ελλησι
716 3686 824 3734 λεκτῶν
843 3684 888 3735 καῖ
905 3687 1019 3746 νοητῶν
1041 3682 1085 3735 ἐπὶ
1097 3684 1130 3734 τὸ
1144 3683 1356 3748 ἀκριβέστατον,
1369 3683 1444 3746 πλὴν

259 3777 318 3824 τῶν
337 3772 382 3823 ὑπ’
402 3775 496 3835 ἄλλαις
514 3773 633 3836 τέχναις,
652 3775 684 3824 τά
702 3775 869 3825 τελευταῖον
882 3772 1014 3835 προσθεὶς
1028 3773 1061 3823 οὐ
1074 3772 1230 3836 παρέργως.
1245 3771 1308 3822 έπεῖ
1319 3771 1372 3834 γὰρ
1385 3776 1445 3822 τῶν

259 3868 323 3927 παρ’
339 3863 456 3927 Ἕλλησι
479 3866 586 3915 λεκτῶν
610 3864 655 3916 καὶ
676 3867 790 3928 νοητῶν
813 3863 849 3914 τὰ
872 3862 922 3925 μέν
941 3862 1017 3913 ἐστιν
1040 3863 1095 3912 ὑπὸ
1112 3862 1222 3924 τέχναις
1245 3861 1281 3912 τὰ
1298 3860 1367 3921 δὀὐ,
1385 3865 1444 3912 τῶν

259 3952 310 4016 μὲν
328 3953 383 4004 ὑπὸ
402 3953 512 4015 τέχναις
531 3953 582 4004 οὐκ
600 3953 691 4005 οἴεται
707 3953 810 4016 τέχνην
829 3951 960 4003 εἶναικαὶ
973 3951 1028 4003 ἕξιν
1041 3953 1093 4015 τήν
1110 3943 1312 4015 γραμματικήν,
1332 3948 1396 4000 οῖον
1416 3950 1447 4000 έν

260 4043 311 4106 μέν
334 4047 453 4108 μουσικῇ
477 4045 527 4106 τῆς
545 4044 592 4094 διὰ
609 4043 759 4106 τεσσάρων
777 4041 945 4106 συμφωνίας
964 4042 1009 4092 καῖ
1025 4043 1075 4106 τῆς
1094 4039 1250 4103 μεταβολῆς
1268 4043 1327 4090 τῶν
1346 4052 1448 4104 συστη-

260 4131 367 4196 μάτων,
388 4131 419 4182 έν
438 4132 469 4183 δέ
487 4135 665 4196 μαθηματικῇ
684 4131 836 4193 ἐκλείψεως
853 4130 870 4195 ἡ
888 4133 938 4194 τῆς
955 4134 1014 4180 τῶν
1033 4129 1142 4180 κύκλων
1161 4128 1267 4190 θέσεως
1280 4129 1316 4178 τὰ
1330 4127 1361 4178 δέ
1375 4128 1447 4179 αὑτά

259 4221 305 4272 καί
330 4221 375 4273 ἐπὶ
396 4226 454 4273 τῶν
480 4221 573 4272 ἄλλων
596 4219 718 4284 νοητέον
736 4224 854 4282 τεχνῶν,
879 4219 997 4280 οὐδενὸς
1015 4217 1068 4281 γάρ
1086 4221 1144 4268 τῶν
1163 4216 1210 4268 ὑπ’
1224 4217 1322 4278 αὐταῖς
1342 4217 1447 4282 εἴδησις

258 4312 275 4375 ἡ
294 4312 479 4376 γραμματική,
500 4311 571 4362 ἀλλὰ
589 4309 709 4373 μέθοδάς
728 4309 768 4371 τίς
787 4309 846 4360 ἐστι
863 4313 922 4360 τῶν
939 4308 1016 4370 παρὰ
1038 4307 1143 4368 ταὺτας
1164 4306 1271 4370 ἑτέρων
1290 4307 1398 4357 λεκτῶν
1417 4323 1448 4358 τε

259 4400 306 4453 καὶ
322 4406 445 4466 νοητῶν,
464 4419 486 4453 κ.
505 4417 528 4453 τ.
547 4402 568 4452 λ.
