921 1385
365 172 465 187 ⁷17-

117 220 197 235 Varrone
205 219 237 235 sed
244 219 266 234 de
274 218 378 238 Asclepiade
385 218 462 238 pendere
470 222 509 234 meo
517 218 552 234 iam
559 218 597 234 iure
605 223 614 234 c

116 246 159 262 mihi
169 246 235 262 videor.
246 246 285 261 Hoc
296 250 349 261 unum
357 245 435 261 Usenero
443 245 521 261 concedo
531 245 614 261 novisse‹

117 273 203 289 Varronis
217 273 326 293 partitionem
341 272 414 292 ideoque
427 272 503 288 fortasse
516 272 605 292 paululum

116 300 168 321 piade
182 300 269 316 recedere(
298 300 356 319 Ipsum
371 299 405 315 iam
420 299 519 319 Quintiliani
533 299 598 315 fontem
613 307 614 312 π

116 331 218 347 persequar,
229 331 281 347 quem
292 326 370 346 singulas
378 326 420 342 artis
428 326 523 342 sententias
530 326 605 346 primum

116 354 179 370 deinde
190 354 262 369 easdem
273 353 328 369 fusius
339 353 427 373 explicare
438 355 455 369 et
462 353 512 373 quasi
519 356 614 369 commenta

117 381 197 397 videmus
209 380 236 400 (cf.
247 380 272 396 IV
284 380 348 399 18-21,
359 380 383 396 IV
394 380 466 399 22—27).

144 409 147 413 '
171 408 221 423 Nunc
232 408 254 423 ad
262 407 304 423 artis
312 407 402 423 exordium
410 411 442 423 nos
451 409 580 423 convertamus.
593 407 614 423 Di

117 435 198 455 exposita
212 437 264 454 caput
275 434 299 450 IV
310 439 321 450 a
331 435 384 454 longa
397 434 519 449 dissertatione
530 434 593 454 incipit,
604 438 614 454 q

116 462 184 477 artibus
197 462 216 481 is,
228 461 256 482 qui
267 461 400 481 grammaticam
411 461 489 481 profiteri
500 461 545 480 velit,
559 461 614 477 institi:

116 488 214 504 ostenditur
228 488 259 508 (IV
272 488 324 508 2—5).
346 488 400 504 »Nam
415 488 459 504 haec
473 488 559 508 professio
574 488 614 504 hab<

116 520 193 534 recessu,
201 519 254 535 quam
261 512 319 531 fronte
326 515 418 535 promittit«
427 518 445 530 et
452 515 483 534 (IV
491 515 513 534 4):
526 515 571 531 »Nec
578 519 614 535 poe*

116 542 161 558 satis
171 544 203 561 est,
217 542 339 557 excutiendum
350 546 402 557 omne
413 542 517 562 scriptorum
528 546 583 562 genus
594 546 614 557 nc

117 569 200 585 histor-ias
210 569 267 588 modo,
279 569 310 584 sed
317 569 377 588 verba,
387 573 431 589 quae
441 568 541 589 frequenter
548 568 575 584 ius
582 569 614 584 aba

116 598 202 612 sumunt«⁴
214 595 290 612 Scientia
297 595 358 611 deinde
367 596 447 614 musices,
455 595 577 614 astronomiae,
585 595 614 615 phi

116 623 226 643 eloquentiae
237 622 319 643 exigitur;
331 627 371 638 nam
382 627 411 638 ars
422 622 538 642 grammatica
549 627 610 638 ornnes

116 649 242 670 complectitur.
268 649 380 665 »Necessaria
396 649 455 669 pueris
471 649 502 669 (lv
516 649 533 669 5)
547 649 614 665 iucund:

116 677 173 693 dulcis
184 678 291 692 secretorum
303 681 366 695 comes,
378 679 447 696 etquae
455 677 483 692 vel
491 677 529 692 sola
536 677 553 692 in
561 676 608 692 omni

116 708 183 724 genere
193 704 233 724 plus
243 704 308 719 habeat
318 704 376 724 operis
385 708 438 724 quam
448 704 582 720 ostentationis«
598 704 614 720 Si

116 731 192 747 Vitruvii
204 731 250 750 liber,
265 731 293 751 qui
306 731 328 746 de
339 731 455 747 architectura
465 731 568 750 inscribitur,
582 731 614 747 inci

118 758 174 777 l,1-v·)
181 757 262 777 leg-imus:
274 757 380 773 *Architecti
390 760 416 773 est
426 758 499 774 scienlia
508 758 586 778 pluribus
594 758 614 773 dit

116 785 171 801 variis
176 784 299 800 eruditionibus
305 787 371 804 ornata,
378 785 426 800 cuius
431 785 494 801 iudicio
500 785 596 805 probantur
600 789 614 800 oi

116 812 139 828 ab
144 812 207 827 ceteris
213 811 279 827 artibus
284 812 397 831 perficiuntur
403 816 466 832 opera«
472 814 489 827 et
495 812 536 832 (12):
542 812 610 832 »Itaque

116 838 147 859 qui
154 838 191 854 sine
197 838 258 854 litteris
265 839 394 857 contenderant,
400 841 419 854 ut
424 839 504 855 manibus
511 841 569 854 essent
575 843 614 855 exer

116 868 211 886 potuerunt
217 865 292 882 efficere.
300 868 318 881 ut
326 866 410 881 haberent
416 870 448 885 pro
454 866 543 881 laboribus
549 866 614 882 auctori

116 894 177 908 autem
186 892 344 908 ratiocinationibus
356 895 373 908 et
382 893 443 908 litteris
454 893 496 908 solis
505 893 581 909 confessi
590 892 614 909 fut

116 920 168 935 bram
175 924 209 935 non
217 924 254 935 rern
262 920 348 939 persecuti
355 920 449 939 videntur«,
460 922 477 935 et
484 920 501 935 in
511 920 546 935 fine
553 920 569 939 (ᾖ
576 920 599 939 3);
608 926 614 933 ›-

116 948 167 962 ratus
178 946 204 965 sit,
222 946 288 966 peritus
306 946 405 966 graphidos,
422 946 500 962 eruditus
516 947 612 967 geometria

116 974 217 993 complures
228 973 300 992 noverit,
311 973 425 993 philosophos
436 974 527 994 diligenter
538 974 614 993 audierit,

116 1000 181 1019 scierit,
191 1000 287 1016 medicinae
294 1005 329 1015 non
337 1000 358 1016 sit
366 1000 442 1020 ignarus,
449 1005 535 1020 responsa
542 1001 583 1016 iuris
591 1005 612 1016 co

115 1026 193 1046 noverit,
214 1027 328 1046 astrologiam
349 1027 427 1047 caelique
443 1027 520 1043 rationes
536 1028 614 1047 cognitas

118 1054 153 1069 Hic
170 1053 222 1073 igitur
238 1056 299 1069 auctor
314 1054 415 1074 priusquam
433 1054 455 1070 ad
471 1054 579 1074 propositum
592 1059 612 1070 su

116 1082 190 1100 longum
198 1083 291 1096 tractatum
299 1081 334 1100 περὶ
341 1081 370 1099 τῆς
377 1081 460 1099 ἐγκυκλίου
467 1081 544 1100 παιδείας,
556 1086 590 1101 qua
597 1086 614 1097 ai

115 1107 208 1124 informari
222 1110 307 1128 oporteat,
322 1108 421 1128 praemittit.
442 1108 492 1124 Haec
506 1110 564 1124 autem
575 1108 614 1124 rati<

116 1137 166 1151 artes
176 1139 215 1150 cum
225 1134 302 1154 ἑγκυκλίῳ
312 1135 375 1155 παιδείᾳ
383 1135 498 1155 coniungendi
505 1135 561 1155 primo
567 1140 614 1151 saeci

115 1162 198 1181 dispersa
205 1164 247 1177 erat.
256 1161 306 1181 Quod
312 1166 368 1181 genus
373 1162 462 1182 Eugenius
468 1162 515 1178 Oder
522 1162 539 1178 in
544 1165 614 1181 tractati
