3168 5066
759 410 1042 472 -26—'·

265 599 454 662 Aristotele
477 597 673 679 opinionem
692 597 862 661 Varronis
885 598 989 660 etiam
1011 608 1132 661 auctor
1147 597 1298 678 protulit,
1321 597 1378 678 qui
1394 598 1452 677 (de

265 710 285 769 l.
297 707 371 770 Lat
380 707 458 770 VIII
471 707 517 782 ll,
530 706 573 770 cf.
579 706 822 782 Reitzenstein,
837 705 970 768 »Varro
982 705 1097 788 u.J0h.
1109 724 1141 768 ν.
1153 705 1323 768 Euchaita
1334 723 1366 784 p.
1378 705 1451 784 66«)

267 815 316 878 sic
338 814 695 892 disserit:·»Qua1um
724 831 841 876 rerum
870 812 1117 876 declinationes
1146 813 1310 890 oriuntur,
1332 823 1453 893 partes

265 922 430 986 orationis
453 931 532 986 sunt
547 923 645 998 duae,
662 922 691 984 si
704 921 787 984 item
801 931 839 984 ut
854 921 946 984 Dion
960 921 995 984 in
1010 931 1082 984 tres
1098 921 1317 984 diviserimus
1331 931 1452 1001 partes

189 1057 191 1064 ·
264 1049 331 1108 reS,
354 1049 443 1110 quae
465 1031 583 1094 verbis
605 1029 854 1110 significantur,
876 1047 982 1092 unam
997 1047 1086 1110 quae
1102 1029 1321 1110 adsignificat
1336 1047 1452 1107 casus,

265 1141 410 1201 alteram
433 1156 522 1217 quae
544 1147 712 1217 tempora,
739 1136 877 1200 tertiam
899 1155 988 1216 quae
1010 1147 1180 1199 neutrum.
1223 1137 1278 1200 De
1300 1137 1353 1200 his
1375 1137 1451 1199 Ari-

265 1249 409 1308 stoteles
431 1244 596 1308 orationis
619 1244 706 1307 duas
727 1253 847 1324 partes
870 1261 949 1306 esse
971 1243 1065 1321 dicit,
1087 1245 1260 1308 vocabula
1282 1254 1316 1306 et
1330 1244 1453 1316 verba,

264 1363 305 1416 ut·
315 1353 431 1416 Homo
448 1362 481 1416 et
493 1345 614 1432 Equus
634 1360 668 1415 et
687 1351 789 1432 Legit
810 1360 843 1413 et
864 1351 1008 1414 Currit«.
1030 1351 1084 1414 Ex
1103 1351 1352 1416 recentioribus
1372 1371 1449 1416 con-

259 1461 347 1524 ferri
368 1471 514 1541 possunt
536 1460 722 1524 Cledonius
748 1459 837 1540 (Keil
859 1477 909 1539 gr.
931 1459 1006 1522 Lat.
1027 1456 1069 1523 V.
1089 1461 1192 1539 34μν).
1224 1461 1453 1524 »Aristoteles

265 1570 351 1632 duas
372 1568 452 1631 dicit
474 1568 558 1644 (scil.
580 1577 699 1648 partes
722 1567 887 1630 orationis
911 1556 1020 1644 ess'el'«
1045 1576 1079 1630 et
1100 1568 1158 1647 qui
1179 1567 1351 1630 artissime
1371 1587 1450 1630 cum

264 1675 423 1754 Dionysii
451 1675 641 1738 scholiasta
670 1675 847 1751 cohaeret,
877 1675 1094 1754 Augustinus
1123 1675 1257 1755 (Categ.
1287 1676 1408 1738 decem
1435 1675 1450 1737 I

264 1794 345 1846 tom.
367 1783 381 1846 l
402 1804 434 1863 p.
452 1785 529 1846 1419
552 1783 603 1846 ed.
619 1783 736 1862 Migne
758 1783 898 1845 Parisiis
916 1783 1021 1862 1841)
1046 1783 1194 1846 »idcirco
1216 1784 1375 1846 miranda
1396 1793 1449 1844 est

264 1943 486 1990 Halicarnassensi
513 1943 562 2004 (vel
587 1945 640 1990 eius
665 1945 774 2005 auctori)
796 1945 821 1991 in
839 1945 924 1991 animo
942 1944 1021 1991 fuisse
1039 1944 1209 1992 Aristoteleac
1227 1946 1288 1992 artis
1306 1943 1448 1990 rhetoricae

262 2033 336 2080 locos
364 2032 436 2089 duos,
467 2044 526 2088 1404
552 2033 575 2080 b.
599 2033 639 2080 26:
673 2033 767 2083 ὄντων
796 2033 974 2093 δ’ὀνομοτων
997 2032 1042 2084 καὶ
1063 2033 1208 2097 ῥημάτων,
1231 2032 1259 2085 ἐξ
1278 2033 1319 2084 ὧν
1337 2031 1452 2094 ὁλόγος

264 2109 438 2186 συνέστηκεν
457 2132 481 2169 et
496 2133 587 2182 140721.
601 2135 641 2170 20:
660 2123 712 2183 <ro
731 2122 884 2186 ἑλληνίζειν
903 2121 980 2181 dori>
997 2127 1113 2186 πρῶτον
1132 2123 1182 2186 μὲν
1205 2123 1236 2174 ἐν
1254 2125 1315 2184 τοῖς
1333 2122 1450 2176 συνδέσ-

265 2227 325 2274 μοις
343 2211 454 2272 (consert
472 2214 549 2260 etiam
569 2213 722 2273 14031132),
741 2214 831 2275 quibus
849 2213 1043 2275 comprehensis
1061 2221 1112 2260 tres
1131 2213 1186 2260 illas
1197 2226 1283 2276 parles
1296 2214 1453 2270 invenissem,

264 2310 379 2362 quartam
396 2311 495 2364 partem
514 2302 640 2366 (ἄρθρον)
657 2311 746 2349 notam
758 2303 861 2364 quidem
874 2302 953 2348 inisse
966 2302 1099 2349 Aristoteli
1111 2318 1141 2350 ex
1152 2303 1312 2350 Antisthenis
1324 2303 1449 2361 doctrina,

189 2401 192 2408 “
264 2391 290 2438 111
313 2391 392 2452 ipsius
418 2401 503 2440 autern
531 2402 643 2454 systema
668 2407 719 2439 non
748 2401 886 2456 receptam.
919 2393 977 2439 Hoc
1002 2407 1102 2454 nequeo
1125 2393 1241 2455 probare,
1264 2393 1323 2454 quia
1340 2393 1449 2454 primurn

265 2481 362 2528 auctori
381 2479 416 2527 illi
434 2489 539 2543 propter
557 2497 612 2528 curn
632 2497 751 2539 errorem,
769 2482 800 2538 de
819 2497 868 2544 quo
887 2483 936 2529 iarn
955 2482 1060 2541 dicetur,
1077 2497 1129 2529 non
1148 2483 1172 2529 id
1191 2482 1273 2530 tribuo
1292 2481 1451 2544 diIIgentiae,

263 2577 290 2616 ut
308 2569 366 2616 data
384 2585 462 2632 opera
480 2572 641 2633 conquireret
659 2548 775 2618 diversos
793 2573 818 2618 in
831 2581 884 2617 arte
897 2571 1025 2618 rhetorica
1037 2571 1193 2618 Aristotelea
1205 2572 1285 2630 locos,
1297 2572 1449 2634 praesertim

264 2673 321 2706 cum
344 2675 383 2706 me
402 2661 504 2722 quidem
522 2660 606 2707 iudice
624 2661 796 2723 acquievisset
814 2661 839 2707 in
856 2661 939 2723 primo
957 2662 1043 2708 statim
1062 2661 1130 2708 loco:
1156 2660 1250 2712 ὄντων
1269 2659 1450 2722 δ’ὁνομοὶτων

263 2747 309 2798 καὶ
330 2748 474 2812 ῥημάτων.
507 2749 607 2797 Deinde
630 2763 729 2812 nequeo
752 2759 917 2797 contemnere
935 2752 996 2796 artis
1014 2751 1132 2812 poeticae
1150 2750 1242 2808 locum,
1264 2765 1365 2812 nequeo
1387 2765 1449 2798 con·

263 2837 355 2885 cedere
373 2839 539 2886 Aristotelem
561 2839 601 2886 hic
620 2839 730 2886 alienam
748 2839 892 2886 doctrinam
910 2839 1030 2901 amplecti
1049 2841 1097 2901 ipsi
1115 2855 1166 2886 non
1184 2841 1326 2902 probatam.
1359 2841 1447 2902 itaque

262 2927 386 2989 astipulor
404 2925 536 2986 Classeno,
555 2930 597 2991 qui
615 2929 666 2990 (De
684 2944 762 2992 gram.
779 2943 863 2990 graec.
876 2929 995 2991 primord.
1008 2944 1033 2991 p,
1044 2929 1085 2989 60)
1103 2920 1176 2976 unius
1195 2929 1352 2976 Theodectis
1370 2930 1447 2988 illam,

262 3017 342 3064 fnisse
359 3018 484 3065 rationem
503 3018 572 3078 dicit,
590 3028 615 3065 ut
634 3029 685 3065 tres
704 3027 789 3080 partes
807 3027 985 3070 statuerentur,
1016 3018 1066 3065 Sed
1083 3018 1130 3066 hoc
1148 3034 1224 3065 unum
1242 3019 1368 3068 Classeno
1386 3034 1449 3066 con-

263 3107 339 3165 cedo;
365 3107 512 3154 Aristotelis
537 3123 631 3156 nomen
658 3109 726 3170 quod
752 3117 973 3165 commemoratur,
998 3109 1074 3172 paulo
1100 3109 1173 3156 aliter
1196 3111 1305 3172 explico.
1333 3109 1447 3156 Dielsius

263 3197 329 3242 enirn
347 3196 373 3258 (l.
385 3197 400 3244 l.
418 3211 442 3260 p.
462 3197 500 3257 15)
517 3199 666 3254 rectissime,
684 3209 753 3261 puto,
772 3199 889 3260 exposuit
900 3198 1077 3246 Theodectem
1090 3199 1229 3248 Aristotele
1247 3200 1353 3247 absente
1366 3209 1447 3246 artem

262 3287 416 3334 rhetoricam
438 3287 557 3334 docuisse
576 3288 714 3335 secundum
733 3289 786 3334 eius
804 3289 1015 3344 commentarios;
1041 3304 1097 3336 eam
1117 3299 1202 3337 autem
1220 3299 1307 3348 artem,
1333 3305 1397 3352 quae
1416 3305 1447 3338 ex

262 3377 300 3424 his
326 3376 420 3424 scholis
447 3387 502 3424 orta
528 3377 567 3435 sit,
594 3386 673 3424 artem
699 3377 899 3434 Theodecteam,
922 3378 1112 3440 quodammodo
1134 3381 1245 3442 priorem
1263 3389 1366 3428 nostrae
1385 3382 1446 3428 artis

262 3467 404 3514 rhetoricae
423 3467 593 3515 Aristoteleae
612 3469 751 3516 editionem
769 3483 834 3516 esse.
857 3468 884 3515 ln
903 3485 933 3516 eo
951 3470 1026 3529 igitur
1042 3470 1115 3528 libro,
1134 3473 1175 3532 qui
1188 3471 1344 3518 Aristoteleo
1358 3471 1447 3518 sunda-

262 3565 349 3604 mento
366 3559 436 3604 nisus
454 3558 679 3606 circumferebatur
697 3557 884 3612 Theodecteus,
907 3559 938 3606 de
957 3561 1036 3608 tribus
1054 3570 1151 3608 tantum
1170 3563 1293 3608 orationis
1312 3561 1447 3610 clementis

262 3656 346 3694 actum
365 3657 450 3694 est-
469 3650 489 3695 si
507 3650 567 3710 quid
585 3648 669 3696 valent
687 3658 774 3696 nostra
792 3652 940 3698 testimonia
958 3677 986 3686 —
1004 3661 1063 3714 post
1086 3667 1142 3700 curn
1160 3651 1312 3698 Aristoteles
1330 3651 1445 3699 Athenas

262 3751 379 3784 reversus
404 3739 527 3786 scriberet
551 3747 631 3786 artem
654 3741 790 3801 poeticam,
814 3749 899 3802 aptum
922 3743 945 3787 ei
968 3742 1099 3789 videbatur
1122 3743 1244 3804 adoptare
1262 3742 1395 3788 articulum
1414 3743 1448 3789 ab

261 3827 414 3874 Antisthene
433 3829 584 3879 inventum«
606 3830 653 3878 Cui
666 3829 740 3876 Rabii
761 3833 902 3878 sententiae
916 3832 1036 3879 adsentiri
1048 3849 1099 3880 non
1112 3848 1228 3894 possum;
1246 3833 1295 3878 iam
1309 3833 1446 3890 Usenerns,

261 3927 288 3963 ut
311 3931 341 3962 ex
358 3917 433 3962 Rabii
455 3919 534 3979 ipsius
557 3927 665 3966 tractatu
688 3919 804 3976 vidimus,
827 3930 942 3982 quartam
966 3931 1064 3983 partem
1088 3921 1216 3984 (ἄρθρον)
1238 3933 1323 3968 notam
1342 3923 1445 3984 quidem

261 4006 340 4054 fuisse
358 4007 491 4054 Aristoteli
510 4023 539 4054 ex
557 4010 717 4056 Antisthenis
735 4010 852 4057 doctrina
869 4011 894 4057 in
913 4012 991 4073 ipsius
1014 4023 1097 4059 autern
1116 4022 1227 4072 systema
1245 4029 1296 4060 non
1314 4023 1444 4075 receptum

262 4096 332 4143 vidit.
361 4097 497 4144 Praeterea
514 4113 528 4144 a
546 4098 614 4145 nulio
632 4101 775 4160 posteriorc
799 4111 902 4148 auctore
921 4111 1038 4162 quattuor
1056 4110 1141 4163 partes
1163 4101 1310 4148 Aristotelis
1332 4119 1446 4150 comme·

261 4195 398 4234 morantur.
421 4186 495 4233 Rabii
514 4197 597 4234 autern
616 4192 743 4236 sententia
759 4190 834 4236 nuliis
853 4191 928 4237 certis
947 4193 1100 4238 testimoniis
1118 4192 1262 4238 confirmari
1280 4202 1373 4254 potest,
1387 4208 1445 4240 cum

261 4277 318 4340 ipso
340 4277 384 4324 iilo
401 4278 519 4340 poeticae
538 4277 595 4325 loco
614 4277 779 4326 Aristotelem
797 4281 929 4327 articulum
947 4282 1060 4344 partibus
1078 4282 1201 4328 orationis
1220 4283 1357 4329 inseruisse
1375 4282 1448 4329 nullo
1513 4285 1517 4298 '

261 4368 339 4414 modo
357 4368 552 4420 demonstretur,
