3168 5066
620 407 906 498 -Ιῶκ,

122 593 180 652 διὰ
202 595 262 652 τοῦ
284 595 308 654 ir
328 593 377 654 ἐπὶ
397 596 455 667 τῆς
468 596 594 667 γενικῆς
614 594 836 670 προενεκτὲον,
852 595 1008 672 εὐμενοῦς
1024 595 1185 672 λέγοντας.
1210 598 1313 662 Vide·

120 718 206 762 mus
236 701 340 762 etiam
366 701 423 762 hic
455 700 668 764 recentiores
696 703 866 781 quosdam
896 704 1080 784 analogiae
1108 705 1312 770 defensores

122 808 290 870 docuisse
312 811 410 888 leges
432 807 483 886 (τὰ
502 809 656 869 καθολικὰ
674 805 922 888 παραπήγματα)
937 829 1006 873 non
1021 830 1066 874 ex
1081 813 1234 876 omnium
1249 816 1312 878 sed

122 935 171 977 ex
193 916 342 994 plurium
365 915 609 978 observatione
632 916 755 978 deduci
776 935 882 995 posse
904 919 936 997 (ξ
957 918 1017 980 223
1039 921 1136 999 sqq.).

237 1023 363 1100 Quinta
385 1033 484 1103 parte
507 1023 557 1103 (§§
572 1023 745 1104 aza—240)
767 1025 813 1086 ad
835 1043 876 1088 ea
897 1026 986 1088 redit
1006 1027 1144 1103 Sextus
1166 1030 1313 1108 quaein

121 1131 307 1210 prooemio
327 1141 450 1193 contra
464 1132 749 1194 consuetudinem
763 1135 955 1212 protulerat
976 1137 1226 1214 grammaticus
1241 1156 1312 1200 om-

122 1239 253 1320 niaque
278 1239 354 1318 pari
380 1240 453 1302 iure
476 1249 597 1301 contra
618 1241 817 1320 analogiam
839 1242 906 1304 dici
926 1260 1033 1321 posse
1055 1243 1218 1306 affirmat.
1254 1246 1311 1308 Ad

121 1347 260 1410 iontem
281 1348 428 1410 redeunt
449 1349 480 1426 (ξ
502 1348 591 1426 228Jl:
613 1349 730 1410 πολλαὶ
750 1350 821 1426 γάρ,
845 1349 958 1426 φασίν,
980 1350 1041 1411 εἰσὶ
1063 1347 1238 1428 συνήθειαι,
1261 1354 1312 1416 καὶ

123 1455 209 1530 ἄλλη
233 1457 290 1530 μὲν
308 1455 491 1529 Ἀθηναίων
514 1454 594 1530 ἄλλη
611 1457 647 1518 δὲ
663 1457 934 1532 Λακεδαιμονίων,
950 1459 1000 1518 καὶ
1014 1457 1109 1518 πάλιν
1128 1458 1310 1534 Ἀθηναίων

123 1563 337 1638 διαφέρουσα
359 1563 415 1638 μὲν
437 1561 456 1636 ἡ
478 1563 598 1623 παλαιὰ
620 1563 834 1640 ἐξηλλαγμένη
852 1567 888 1626 δὲ
907 1564 1010 1641 ἡνύν,
1034 1567 1084 1626 ’καὶ
1106 1565 1166 1642 οὐχ
1188 1565 1206 1641 ἡ
1230 1567 1308 1643 αὐτὴ

124 1672 185 1746 μὲν
207 1673 272 1731 τῶν
294 1671 374 1730 κατὰ
395 1670 453 1744 τήν
476 1670 639 1746 ἀγροικίαν
662 1671 680 1746 ἡ
698 1671 776 1747 αὐτὴ
793 1674 830 1732 δὲ
843 1677 909 1734 τῶν
925 1673 959 1735 ἐν
975 1672 1065 1734 ἄστει
1080 1673 1309 1750 διατριβόντων

123 1797 195 1846 xrs.
210 1780 235 1838 l.
258 1789 292 1840 et
308 1777 340 1856 (§
355 1777 442 1856 229):
464 1779 596 1841 πολλῶν
619 1777 678 1841 οὖν
700 1778 814 1841 οὐσῶν
830 1784 1022 1855 συνηθειῶν,
1038 1781 1222 1861 adoinoia
1236 1803 1309 1860 χρη·

125 1887 268 1966 nuptam
291 1885 367 1948 οὔτε
387 1886 448 1962 γάρ
469 1887 591 1961 πάσαις
606 1889 859 1950 κατακολουθεῖν
875 1890 1015 1950 δυνατὸν
1032 1889 1084 1950 διὰ
1098 1890 1135 1950 τὸ
1151 1891 1309 1966 μάχεσθαι

123 1995 291 2068 πολλάκις,
313 1993 388 2054 οὔτε
409 1995 468 2055 τινὶ
490 1995 522 2055 ἑξ
544 1993 661 2068 αὐτῶν,
683 1994 740 2056 ἐὰν
763 1991 804 2071 μή
824 2015 871 2070 τις
892 1999 1044 2072 τεχνικῶς
1064 2003 1228 2078 προκριθῇ.
1284 1973 1288 1984 ’

234 2103 394 2165 Alterum
425 2101 549 2165 deinde
581 2098 740 2179 κριτήριον
772 2105 830 2164 τοῦ
866 2103 1062 2179 ἑλληνισμοῡ
1097 2107 1310 2187 etymologia

123 2209 337 2290 apudSexti
366 2219 545 2274 auctorem
573 2220 657 2286 erat,
686 2228 776 2290 quae
802 2209 845 2272 de
870 2210 1089 2290 impositione
1111 2213 1308 2291 verborum,

122 2328 163 2380 ut
184 2318 347 2398 analogia
368 2319 411 2380 de
433 2318 671 2394 declinatione,
694 2319 774 2397 agit.
811 2319 888 2380 Hac
910 2318 952 2381 de
975 2321 1187 2400 etymologia
1209 2331 1309 2400 parte

100 2437 219 2488 ototus
251 2426 294 2487 de
327 2427 509 2490 emendate
540 2426 703 2505 loquendi
735 2429 856 2506 regula
886 2436 1055 2489 tractatus
1085 2429 1307 2491 concluditur.

122 2535 284 2613 Apparet
304 2533 409 2613 igitur
429 2535 485 2596 hic
506 2534 603 2597 Sexti
624 2543 803 2596 auctorem
825 2535 913 2596 duas
927 2544 1061 2598 tantum
1076 2545 1195 2614 partes
1210 2555 1308 2614 prae-

121 2642 250 2716 buisse,
274 2641 317 2703 de
339 2642 502 2720 analogia
524 2651 557 2704 et
579 2643 622 2704 de
644 2641 865 2721 etymologia.
900 2643 1026 2704 Cetera
1048 2662 1066 2705 a
1089 2643 1196 2706 Sexto
1218 2644 1307 2706 refu·

122 2749 263 2812 tationis
295 2767 403 2811 causa
429 2749 560 2812 inserta
587 2759 676 2826 sunt,
708 2751 875 2829 imprimis
903 2751 961 2812 illa
990 2752 1032 2813 de
1059 2753 1307 2816 consuetudine

122 2857 331 2932 dissertati0,
361 2875 465 2936 qnam
493 2857 562 2919 iam
591 2857 635 2918 ab
658 2866 800 2920 auctore
822 2857 856 2918 in
878 2859 1044 2937 peculiari
1065 2869 1216 2923 tractatu
1236 2864 1304 2924 lau-

122 2965 242 3028 datam
264 2982 343 3026 esse
364 2967 458 3027 nullo
479 2967 584 3028 modo
606 2966 785 3044 probabile
808 2976 870 3028 est.
933 3051 934 3054 Ἴ

230 3073 330 3136 Nunc
352 3075 396 3135 ad
412 3073 657 3150 Quintilianum
679 3084 907 3136 transeamus
936 3075 1090 3138 Primum
1108 3075 1211 3155 igitur
1227 3094 1306 3140 ana-

120 3182 214 3262 logia
238 3183 289 3268 (§§
311 3171 424 3261 4-27')
445 3191 679 3262 pertractatur
699 3183 841 3261 eiusque
863 3186 985 3261 regula
1010 3193 1044 3244 et
1066 3185 1227 3262 exempla
1249 3203 1305 3246 ex-

120 3300 305 3370 ponuntur.
341 3291 516 3353 Invenitur
537 3290 699 3369 analogia
719 3290 754 3352 in
775 3290 969 3352 nominibus
992 3290 1042 3369 (ἓξ
1065 3291 1157 3369 4-6)
1180 3291 1193 3352 Ι
1215 3309 1305 3353 com-

120 3399 302 3480 paratione
331 3397 491 3461 similium
518 3400 554 3460 in
582 3398 747 3460 extremis
769 3399 842 3475 (aut
863 3415 974 3476 genus
997 3398 1223 3476 deprehendit
1245 3409 1303 3461 aut

121 3507 411 3584 declinationem),
453 3507 481 3568 H
515 3505 747 3568 deminutione
780 3506 903 3584 (genus
932 3505 1083 3583 detegit),
1116 3506 1238 3568 deinde
1269 3506 1304 3568 in

119 3615 238 3678 verbis
260 3615 519 3694 comparatione
542 3613 702 3676 similium
723 3615 757 3676 in
779 3613 943 3684 extremis
966 3612 1017 3692 (§§
1038 3613 1142 3690 4-s);
1166 3622 1239 3676 tum
1261 3614 1304 3676 de

121 3723 304 3802 analogiae
332 3723 448 3786 multis
476 3722 737 3802 exceptionibus
758 3721 938 3783 disseritur
960 3720 1010 3800 (ἓξ
1035 3719 1180 3799 12-27);
1217 3721 1303 3785 »Sed

120 3831 380 3928 meminerimus
402 3849 471 3893 non
492 3849 555 3910 per
577 3829 692 3892 omnia
713 3830 791 3891 duci
806 3829 988 3907 analogiae
1003 3845 1107 3908 posse
1123 3827 1301 3904 rationem,
1378 3843 1381 3852 ·

120 3957 200 4003 curn
222 3949 256 4002 et
278 3937 439 4019 sibiipsa
461 3937 615 4018 plurimis
638 3937 671 3999 in
692 3936 777 3998 locis
799 3946 997 4014 repugnet«
1025 3935 1090 3996 Hic
1113 3936 1301 3998 sententias

120 4047 272 4110 auctoris
300 4047 508 4122 invenimus,
538 4045 595 4125 qui
623 4045 821 4123 analogiam
850 4053 1043 4124 oppugnat,
1073 4045 1166 4122 quod
1186 4043 1301 4106 multis

119 4155 289 4234 exemplis
321 4155 497 4234 productis
530 4162 676 4232 apparet
708 4153 740 4231 (ξ
765 4152 827 4231 tn:
862 4152 1061 4228 »Quaedam
1093 4151 1166 4213 sine
1199 4150 1300 4211 dubio

119 4273 290 4327 conantur
317 4262 440 4324 eruditi
467 4261 663 4336 defendere,
690 4269 736 4333 ut,
759 4276 836 4320 cum
859 4259 1068 4338 deprensum
1092 4268 1153 4335 est,
1179 4258 1298 4335 ‘lepus’

119 4383 153 4435 et
187 4373 311 4452 ‘lupus’
346 4369 469 4432 similia
503 4369 673 4448 positione
709 4376 874 4447 quantum
907 4366 1045 4428 casibus
1080 4365 1300 4443 numerisque

1138 4501 1150 4551 5
