3168 5066
624 413 827 474 ..19-

128 596 269 680 φωνῆεν
292 602 343 662 καὶ
363 601 400 662 τὸ
423 599 595 677 ἡμίφωνον
618 600 668 661 καὶ
691 598 853 680 ἄφωνον).
889 601 1047 667 Eandem
1069 599 1324 664 distinctionem

127 710 259 772 codem
293 710 371 771 loco
407 707 624 788 protulerunt
658 707 753 770 initio
789 709 873 772 artis
910 718 943 772 et
978 709 1169 788 Dionysius
1203 690 1324 772 Thrax

127 819 277 897 eiusque
305 814 516 878 scholiastae
546 814 602 897 (ci.
625 814 740 878 Schol.
770 815 871 879 Dion.
901 816 982 880 Thr.
1004 816 1096 896 Hilg.
1126 834 1159 896 p.
1181 817 1221 878 35
1249 835 1323 898 sqq.

131 921 319 1003 φωνήεντα,
336 921 513 1001 σύμφωνα,
529 921 693 1000 ἡμίφωνα,
710 921 845 1003 ἄφωνα)
863 932 898 987 et
913 924 1082 1004 imprimis
1094 925 1191 988 Sexti
1203 931 1325 988 auctor

129 1033 165 1114 (ἓ
186 1035 226 1096 99
242 1031 339 1112 sqq),
362 1030 420 1110 qui
439 1032 497 1093 vel
518 1030 554 1092 in
574 1030 629 1092 his
651 1031 848 1094 dissensum
870 1033 1179 1112 grammaticorum
1201 1041 1324 1096 notare

128 1159 205 1204 non
233 1139 358 1202 oblitus
386 1137 519 1201 litteras
547 1157 582 1214 φ,
610 1156 637 1214 χ,
666 1143 683 1200 θ
714 1155 735 1200 a
761 1139 943 1216 nonnullis,
974 1139 1126 1202 maxime
1154 1139 1324 1218 Dionysio

129 1249 282 1325 Thrace,
297 1246 410 1323 mutis
434 1246 477 1308 ab
497 1245 581 1321 aliis,
604 1245 771 1324 imprimis
787 1246 1007 1327 Asclepiade,
1023 1257 1061 1308 ut
1077 1247 1208 1328 opinor,
1225 1248 1325 1310 serni-

131 1355 315 1424 vocalibus
338 1354 533 1434 adscriptas
556 1371 634 1416 esse
657 1362 814 1417 testatur.
828 1408 832 1435 ,
845 1346 1089 1435 Sequebantur
1101 1355 1137 1417 in
1152 1372 1204 1432 e0,
1220 1373 1325 1436 quem

132 1463 366 1542 Quintilianus
381 1469 462 1524 ante
477 1463 597 1525 oculos
612 1461 741 1538 habuit,
757 1469 909 1525 tractatu
921 1463 1079 1543 singulae
1091 1463 1324 1542 quaestiones,

130 1589 284 1654 quarum
313 1571 427 1651 prima
455 1578 530 1632 erat
559 1571 601 1634 de
630 1571 824 1634 litterarum
852 1589 1007 1634 numero.
1050 1571 1227 1650 Receptae
1255 1571 1325 1633 iam

133 1689 236 1744 erant
257 1679 378 1756 XXIII,
401 1697 548 1760 quarum
569 1687 687 1742 tamen
704 1699 730 1758 ν
750 1677 787 1742 'et
799 1697 822 1740 a
841 1679 1000 1742 Graecae
1014 1679 1222 1741 videbantur
1237 1678 1267 1759 (ἕ
1283 1680 1324 1756 7).

133 1789 325 1851 Praeterea
336 1789 578 1866 quaerebatur,
592 1787 800 1850 deessentne
812 1787 944 1850 Latinis
957 1786 1092 1866 aliquae
1103 1786 1325 1849 necessariae

129 1897 271 1960 litterae
286 1909 324 1957 ut
335 1895 517 1958 Aeolicum
530 1895 731 1974 digammon
742 1903 777 1958 et
788 1895 911 1972 littera,
927 1913 996 1974 qua
1006 1895 1141 1957 medius
1151 1873 1241 1956 inter
1256 1911 1280 1954 u
1291 1902 1325 1956 et

130 2005 150 2067 ,ί
162 2005 297 2066 litteras
313 2011 420 2066 sonus
436 2002 700 2082 significaretur,
717 2020 806 2082 quae
819 2003 908 2066 duae
921 2019 943 2066 a
954 2002 1102 2079 Claudio
1113 2001 1325 2081 imperatore

134 2111 263 2175 ceteris
284 2111 397 2174 XXIII
426 2111 583 2174 adiectae
615 2111 756 2190 erant.¹)
801 2110 913 2188 Quem
939 2112 1056 2172 locum
1084 2109 1120 2172 in
1140 2111 1207 2172 hoc
1227 2109 1326 2172 Fabii

133 2227 289 2282 tractatu
311 2237 352 2280 eo
375 2219 623 2298 gravissimum
651 2218 808 2295 arbitror,
838 2217 931 2297 quod
952 2235 1020 2296 quo
1042 2226 1201 2297 tempore
1224 2217 1326 2295 Quin-

132 2325 245 2388 tiliani
267 2335 388 2390 auctor
409 2327 554 2390 Latinus
576 2327 753 2406 scripserit
775 2345 819 2388 ex
840 2345 881 2388 eo
897 2344 1112 2406 cognoscere
1127 2345 1324 2406 possumus

135 2432 273 2496 Deinde
288 2433 318 2495 F
320 2433 387 2496 abii
407 2442 529 2496 auctor
547 2433 730 2513 inquisivit,
754 2451 799 2496 an
818 2433 907 2496 aliae
926 2433 1061 2496 litterae
1080 2434 1324 2511 redundarent,

132 2549 174 2602 ut
202 2541 234 2617 lo,
263 2541 293 2618 k,
319 2559 351 2620 q,
373 2560 410 2604 x.
456 2541 551 2618 Quas
584 2541 806 2620 quaestiones
838 2542 908 2604 iam
940 2542 1138 2605 Varronem
1168 2542 1325 2622 tetigisse

138 2691 355 2700 u—ffl-

248 2765 265 2824 ¹)
283 2765 324 2814 Cf.
341 2765 518 2822 BuecheleruS,
536 2765 576 2812 De
594 2765 699 2812 Tiberio
712 2765 821 2815 Claudio
834 2767 1001 2827 grammatico
1014 2741 1176 2812 Eiberfeldae
1191 2763 1257 2830 1856,
1274 2763 1325 2810 Hic

133 2857 283 2906 Clausseno
306 2856 434 2903 assentior
457 2855 553 2904 dicenti
576 2857 601 2918 (I.
619 2856 634 2902 I.
656 2871 680 2919 p.
699 2856 755 2916 364)
788 2855 958 2902 »Memoratur
984 2855 1059 2916 Igitur
1081 2854 1183 2904 Claudii
1206 2855 1325 2904 Caesaris

134 2946 295 3008 digammon.
319 2945 480 3008 Quamquam
497 2946 598 2994 Claudii
616 2946 752 2994 consilium
770 2945 943 3009 Quintilianus
960 2960 1012 2991 non
1023 2945 1163 3007 perspexit,
1177 2945 1271 3006 quippe
1283 2945 1325 3006 qui

136 3033 274 3082 Aeolicam
292 3033 361 3082 illam
378 3035 489 3082 litteram
507 3051 525 3082 u
542 3037 659 3098 geminae
678 3035 772 3086 sinibus
785 3035 929 3087 concludat,
952 3034 1028 3097 Quod
1040 3049 1098 3080 cum
1111 3035 1188 3082 etiam
1200 3033 1326 3082 Christius

133 3123 241 3185 (Philol.
258 3123 344 3170 XVIII
360 3138 384 3186 p.
403 3126 457 3184 174)
475 3125 690 3184 animadverterit,
713 3133 797 3187 tamen
816 3139 950 3187 perperam
969 3123 1056 3170 statuit
1073 3123 1224 3185 Quintiliani
1241 3121 1326 3168 verbis

137 3224 239 3262 ceteras
258 3212 362 3260 vocales
379 3229 431 3260 non
449 3229 506 3260 esse
525 3213 648 3266 exclusas,
666 3215 767 3262 Etenim
785 3214 816 3262 ab
835 3231 852 3260 u
869 3214 1000 3275 geminata
1017 3211 1118 3274 (elva
1131 3220 1156 3258 et
1170 3213 1208 3272 11)
1225 3211 1325 3258 litterae

137 3319 169 3352 vo
195 3305 258 3351 satis
284 3303 422 3351 manifesto
448 3312 614 3367 segregantur
640 3307 671 3366 (c.
694 3305 728 3352 IV
758 3305 794 3366 ιο)
824 3303 928 3362 »Atque
955 3304 1032 3350 etiam
1059 3303 1083 3348 in
1108 3301 1171 3364 Ipsis
1194 3300 1326 3348 vocalibus

137 3393 300 3456 grammatici
323 3401 362 3440 est
383 3393 477 3451 videre,
500 3409 532 3440 an
554 3393 652 3456 aliquas
671 3409 718 3456 pro
737 3392 939 3440 consonantibus
963 3407 1022 3438 usus
1040 3391 1177 3452 acceperit,
1199 3390 1258 3451 qula
1275 3389 1326 3435 iam

134 3483 205 3529 sicut
224 3482 303 3528 etiam
319 3481 437 3530 scribitur
455 3490 480 3530 et
497 3498 543 3530 vos
560 3493 587 3530 ut
605 3491 686 3550 tuost.
709 3483 781 3546 Quae
794 3498 850 3529 cum
863 3483 899 3529 ita
911 3483 968 3540 sint,
981 3483 1023 3528 vix
1035 3480 1131 3538 dubito,
1144 3480 1204 3542 quin
1217 3477 1326 3526 eundem

134 3585 253 3619 errorem
276 3573 434 3620 commiserit
456 3571 554 3620 Gellius
572 3571 642 3634 (XIV
661 3583 681 3634 5.
700 3577 734 3634 2J:
759 3574 847 3634 »Nam
862 3573 934 3619 divus
953 3580 978 3620 et
995 3573 1062 3618 rivus
1086 3579 1110 3618 et
1128 3570 1208 3617 clivus
1226 3584 1278 3615 non
1296 3585 1327 3615 us

136 3661 238 3722 syllaba
255 3661 429 3718 terminantur,
447 3661 493 3708 sed
506 3677 542 3720 ea,
561 3677 625 3724 quae
636 3677 682 3725 per
695 3663 759 3709 duos
772 3662 937 3709 ascribenda
950 3670 995 3719 est,
1012 3668 1117 3723 propter
1130 3660 1201 3707 cqus
1214 3657 1326 3720 syllabae

135 3761 231 3796 sonum
249 3749 431 3796 declarandum
448 3760 549 3812 reperta
567 3758 606 3797 est
622 3766 690 3798 nova
706 3751 798 3810 littera,
812 3765 876 3813 quae
888 3750 1015 3813 digamma
1028 3751 1226 3814 appellabatur.‹
1250 3749 1326 3795 Prae-

138 3849 211 3887 terea
233 3839 391 3887 conferenda
413 3850 470 3887 sunt
488 3841 572 3899 verba,
593 3857 658 3903 quae
681 3857 711 3888 ex
729 3841 821 3888 eodem
839 3841 909 3888 fonte
927 3840 1018 3888 hausta
1034 3841 1166 3904 proferunt
1184 3838 1326 3886 Diomedes

136 3931 163 3990 (Ι.
182 3929 200 3976 l.
221 3944 246 3991 p.
268 3940 321 3986 422,
340 3931 380 3989 21)
405 3938 430 3976 et
455 3929 572 3978 Donatus
599 3933 632 3993 (p.
657 3932 709 3990 367,
730 3930 780 3991 18):
817 3930 903 3977 »Huic
924 3931 970 3991 (sc.
995 3948 1011 3978 u
1033 3931 1145 3990 litterae)
1178 3930 1326 3991 digammon

136 4018 235 4066 ascribi
257 4019 335 4078 solet;
361 3999 419 4066 cum
446 4020 494 4066 sibi
521 4021 577 4082 Ipsa
600 4021 772 4082 praeponitur,
794 4029 942 4084 ut'seruus,
967 4020 1079 4082 uulgus«
1114 4020 1186 4082 Quae
1209 4018 1326 4066 doctrina

137 4108 279 4156 admodum
302 4109 405 4171 quidem
428 4117 546 4156 contorta
569 4117 614 4166 est,
637 4109 663 4156 id
685 4117 771 4156 tamen
789 4109 985 4167 animadvertas,
1008 4109 1076 4171 quod
1094 4110 1183 4156 eadem
1201 4107 1325 4170 exempla,

136 4213 206 4261 quae
231 4197 404 4260 Quintilianus
431 4200 464 4260 (c.
489 4197 530 4246 IV.
553 4197 567 4244 8
590 4207 622 4244 et.
647 4199 683 4259 ΙΙ)
709 4198 796 4257 offert,
823 4199 964 4246 laudantur.
1013 4199 1122 4261 Itaque
1152 4198 1211 4246 hoc
1237 4201 1325 4244 certe

137 4296 275 4352 apparet
303 4287 538 4352 Quintilianum
566 4288 716 4350 digammi
742 4288 914 4339 Claudiani
941 4303 1003 4335 non
1032 4303 1088 4335 suo
1116 4289 1214 4334 Marte
1242 4301 1326 4332 men·
1422 4285 1447 4350 ,Ἰ

138 4381 262 4428 tionem
279 4377 401 4425 secisse
419 4378 474 4425 sed
492 4378 556 4425 alio
574 4380 783 4439 grammatico
801 4387 954 4430 auctore«
