3168 5066
6 4112 38 4140 Ἀ*

8 4145 30 4166 «ἐκ,

731 445 931 508 ,72-

245 637 262 714 §
280 635 359 713 169),
375 633 411 716 §fi
427 637 527 698 9-10
541 635 611 710 περὶ
627 635 814 712 μερισμοῡῙ)
830 633 885 712 (cf.
897 633 995 696 Sexti
1009 635 1047 712 ἐξ
1062 634 1127 710 169,
1147 635 1213 710 173,
1232 635 1301 712 174)
1316 636 1429 698 verba

227 741 334 805 iacit.
364 743 450 804 Pars
470 742 575 822 igitur
595 742 665 818 περὶ
679 740 864 816 ποσότητος
884 741 919 804 in
933 741 1056 804 Latino
1072 749 1224 804 tractatu
1239 743 1346 820 deest,
1362 743 1429 805 nisi

244 850 336 930 quod
356 850 434 929 ipsa
455 849 513 912 illa
534 851 576 912 de
599 849 711 928 longis
734 849 876 927 syllabis
892 848 1097 925 dissertatio
1114 867 1203 929 quae
1221 851 1337 914 locum
1353 851 1429 914 eius

243 957 351 1038 partis
373 957 512 1034 obtinet,
535 957 649 1036 aliquo
671 957 775 1019 modo
797 974 875 1018 cum
897 974 939 1018 ea
961 958 1150 1019 cohaerere
1171 958 1318 1021 videtur.

350 1066 472 1128 Altera
505 1084 549 1127 ex
580 1075 679 1145 parte
706 1083 812 1128 unum
841 1063 952 1127 affero
980 1067 1095 1128 locum
1128 1067 1158 1145 (ξ
1187 1067 1255 1146 26):
1293 1067 1430 1130 »Nostri

242 1181 490 1253 praeceptores
514 1173 666 1236 ‘servum
688 1171 909 1252 cervumque’
933 1191 956 1234 u
978 1181 1011 1234 et
1031 1173 1188 1235 oiitteris
1204 1174 1428 1253 scripserunt,

244 1281 324 1361 quia
346 1281 501 1344 subiecta
523 1280 587 1342 sibi
607 1280 739 1342 vocalis
760 1279 794 1341 in
815 1298 921 1342 unum
944 1297 1068 1342 sonum
1084 1282 1283 1343 coalescere
1300 1291 1334 1344 et
1350 1301 1428 1346 con-

242 1389 339 1452 fundi
360 1389 525 1468 nequiret,
547 1406 682 1451 nuncu
703 1387 842 1467 gemina
863 1387 1058 1450 scribuntur
1081 1405 1122 1450 ea
1143 1388 1287 1466 ratione,
1311 1408 1429 1469 quam

244 1495 415 1559 reddidI:
448 1506 571 1560 neutro
593 1514 678 1560 sane
704 1497 808 1558 modo
834 1515 913 1572 vox,
942 1513 1046 1575 quam
1068 1497 1245 1573 sentImus,
1269 1497 1428 1560 efficitur.

243 1603 315 1667 Nec
336 1603 498 1666 inutiliter
521 1603 685 1668 Claudius
700 1603 880 1666 Aeolicam
901 1603 996 1666 illam
1018 1605 1063 1666 ad
1084 1606 1149 1666 hos
1171 1623 1255 1668 usus
1277 1605 1429 1668 litteram

244 1712 445 1776 adimerat«

350 1821 472 1884 Nonne
499 1821 534 1882 hi
559 1829 806 1899 praeceptores
832 1819 935 1890 iidem
956 1828 1044 1896 sunt,
1068 1820 1125 1898 qui
1149 1819 1302 1904 ‘Atreus’
1326 1830 1430 1884 acuta

243 1929 355 2008 prima
382 1929 496 1990 dicere
526 1929 702 1990 solebant?
732 1929 773 2006 (c.
795 1927 829 1989 V
850 1927 911 2004 24.)
954 1927 1024 1990 Sed
1046 1919 1237 1990 clarissime
1259 1927 1315 1990 hic
1338 1928 1430 1990 vide-

243 2053 330 2112 mus,
361 2036 418 2098 ubi
445 2035 579 2098 Claudii
610 2035 809 2114 digammon
836 2043 1136 2112 commemoratur,
1169 2036 1275 2098 hanc·
1291 2046 1429 2116 partem

244 2155 318 2209 arte
347 2164 426 2209 cum
453 2145 694 2207 dissertatione
724 2145 766 2206 de
789 2135 909 2208 litteris
932 2145 972 2222 (c.
994 2144 1043 2206 IV
1063 2145 1177 2220 5—12)
1201 2163 1374 2207 conexam
1396 2154 1429 2206 et

244 2254 306 2317 toti
328 2254 393 2316 arti
414 2254 607 2316 immixtam
629 2271 717 2315 esse.
746 2252 932 2314 Praeterea
954 2271 1033 2314 cum
1055 2253 1159 2314 etiam
1174 2253 1268 2332 apud
1282 2253 1428 2315 Sextum

243 2363 315 2438 περὶ
341 2362 566 2439 ὀρθογραφὶας
593 2341 779 2424 tractatum
802 2361 866 2424 arti
888 2361 1138 2439 grammaticae
1159 2361 1328 2422 insertam
1351 2379 1429 2422 esse

244 2469 425 2533 videamus
464 2470 610 2532 dilucide
650 2469 829 2549 opiniones
869 2469 1005 2530 illorum
1041 2467 1261 2540 refelluntur,
1298 2467 1357 2547 qui
1392 2477 1429 2530 ut

243 2577 406 2641 Lentzius
429 2577 628 2656 (HerodIan.
651 2578 673 2638 Ι.
697 2595 728 2656 p.
744 2575 887 2638 XCVIII
908 2577 994 2655 sqq.)
1017 2583 1051 2637 et
1072 2575 1341 2638 Mackensenius
1364 2575 1428 2654 (ll.

243 2704 275 2766 p.
296 2687 349 2759 23)
382 2686 667 2766 orthographiam
695 2684 778 2746 artis
805 2697 940 2762 partem
966 2702 1036 2746 non
1056 2683 1164 2752 fuisse
1187 2682 1429 2745 demonstrare

245 2794 358 2856 conati
381 2795 502 2871 sunti)

353 2901 576 2966 concluditur
611 2902 724 2981 prima
757 2900 953 2978 Quintiliani
990 2897 1074 2962 a'rtis
1109 2916 1193 2977 pars
1228 2901 1266 2978 ἐξ
1298 2900 1428 2973 30-35,

244 3010 367 3090 quibus
394 3011 576 3074 emendate
602 3009 765 3088 loquendi
786 3009 1025 3087 scribendique
1046 3008 1187 3086 regulas
1208 3007 1302 3068 nullo
1324 3006 1429 3068 modo

243 3118 480 3198 neglegendas
510 3138 587 3182 esse
618 3128 739 3180 auctor
760 3117 918 3196 explicat.
961 3117 1037 3178 Non
1060 3116 1216 3177 omittam
1238 3132 1329 3193 quae
1351 3115 1370 3193 ξ
1392 3115 1453 3186 32,

244 3225 480 3306 proferuntur:
506 3227 601 3288 »Hae
623 3224 696 3286 lere
716 3235 795 3287 sunt
815 3225 998 3286 emendate
1012 3223 1174 3302 loquendi
1189 3222 1430 3302 scribenquue

243 3343 378 3414 partes:
411 3333 498 3396 duas
530 3334 681 3413 reliquas
714 3333 949 3412 sIgnificanter
981 3341 1171 3410 ornateque
1200 3331 1335 3392 dicendi
1362 3349 1431 3393 non

243 3442 403 3521 equidem
426 3441 662 3521 grammaticis
684 3440 815 3517 aufero,
844 3442 915 3516 sed,
938 3457 1017 3501 cum
1038 3439 1121 3500 mihi
1142 3438 1260 3501 officia
1280 3438 1432 3500 rhetoris

244 3549 427 3629 supersint,
450 3549 572 3611 maiori
594 3549 691 3629 operi
711 3566 884 3610 reservo«
925 3547 1069 3609 Latmus
1090 3547 1193 3626 igitur
1214 3545 1294 3608 fons
1317 3563 1430 3626 gram·

246 3659 392 3719 maticus
415 3658 502 3720 duas
524 3658 675 3737 reliquas
697 3667 815 3736 partes
838 3654 1074 3734 significanter
1090 3665 1281 3733 ornateque
1297 3652 1433 3716 dicendi

248 3807 461 3816 ——--———·——

242 3870 295 3918 ‘ad'
313 3888 370 3920 cnm
383 3884 450 3920 esset
463 3874 630 3936 praepositio,
649 3872 793 3927 dlitteram,
809 3886 866 3918 cum
880 3877 965 3917 autem
978 3871 1133 3926 coniunctio,
1146 3878 1157 3916 t
1168 3870 1307 3930 acciperet,
1321 3869 1432 3930 itemque

243 3961 320 4008 ‘curn'
345 3964 365 4008 si
388 3975 488 4025 tenipus
506 3963 668 4024 signiticaret,
686 3975 732 4023 per
748 3975 782 4022 qu
800 3969 824 4007 et
842 3975 874 4014 m,
893 3961 914 4006 si
932 3960 1061 4016 comitem,
1079 3974 1151 4020 perc
1169 3973 1199 4004 ac
1217 3957 1281 4004 duas
1299 3957 1432 4019 sequentis

227 4115 230 4120 Ι
251 4053 425 4099 scriberetur„

357 4144 373 4193 ¹)
391 4143 431 4192 Cf.
449 4143 464 4204 ξ
480 4154 506 4200 9ῑ
527 4142 585 4188 »Est
604 4151 629 4188 et
647 4143 671 4188 in
689 4138 833 4186 dividendis
851 4138 935 4184 serbis
949 4138 1104 4189 observatIo,
1122 4137 1233 4184 medIam
1246 4135 1361 4188 litteram
1373 4151 1434 4182 con-

247 4243 381 4279 sonantem
398 4234 476 4293 priori
495 4248 526 4278 nn
545 4232 661 4292 sequenti
679 4230 791 4290 syllabae
810 4228 954 4289 adiungas«
975 4242 996 4274 e.
1007 4243 1031 4288 q,
1042 4243 1060 4272 s.

354 4323 375 4382 ²)
392 4325 412 4373 C
418 4323 433 4369 l'.
451 4322 550 4368 sela-»lla
567 4323 606 4367 ad.
619 4322 696 4367 Dion.
708 4320 799 4365 Thrac.
810 4318 937 4379 (Hilgard.
949 4329 994 4376 302
1009 4317 1043 4376 Sl:
1063 4318 1101 4376 ὡς
1114 4316 1159 4366 καὶ
1171 4315 1204 4365 τὸ
1218 4315 1435 4380 ὀρθογραφικόν

245 4414 346 4477 μόριον
364 4417 415 4464 τοῦ
433 4414 621 4474 διορθωτικοῡ
640 4421 664 4457 er
682 4411 777 4456 ibidem
794 4419 847 4467 471.
865 4420 898 4457 10.
