3168 5066
721 401 921 465 ..38,

231 594 317 654 θεῶν
346 591 396 656 καὶ
423 590 542 667 ἡρώων
571 591 622 652 καὶ
644 589 773 666 ἀνδρῶν
797 579 975 668 ἐπιφανῶν,
998 589 1017 665 ἡ
1044 589 1079 649 δὲ
1100 591 1170 666 περὶ
1191 591 1269 666 τοὺς
1290 589 1417 667 τόπους

232 700 282 761 καὶ
304 698 452 774 χρόνους,
473 697 492 773 ἡ
513 699 549 760 δὲ
566 697 636 774 περὶ
651 695 709 771 τὰς
722 695 858 773 πράξεις.
882 697 1118 774 Quintilianus,
1139 697 1197 777 qui
1215 700 1415 777 grammati-

232 824 310 872 cum
339 805 422 870 nihil
447 805 512 868 nisi
534 805 716 868 emendate
736 805 830 884 loqui
851 805 977 868 docere
997 803 1080 878 vulti
1102 807 1193 870 hanc
1213 806 1317 870 trium
1339 825 1413 870 ora·

230 915 332 978 tioms
352 913 517 976 virtutum
539 912 758 991 partitionem
779 923 874 975 certe
894 931 964 976 non
985 913 1205 992 excogitavit,
1234 915 1301 978 hoc
1321 913 1412 991 iecit,

231 1015 287 1100 qui
312 1020 540 1100 grammatico
563 1037 736 1082 summum
758 1021 801 1082 de
823 1021 980 1084 omnibus
1000 1019 1162 1084 iudicium
1183 1021 1352 1101 ascripsit,
1379 1032 1414 1084 et

232 1129 261 1192 si
275 1129 419 1204 Sextum
439 1127 648 1206 inspicimus
672 1127 775 1192 etiam
796 1129 839 1191 de
859 1128 1042 1192 virtutibus
1058 1138 1091 1190 et
1106 1129 1197 1192 vitiis
1211 1139 1412 1208 poematum

231 1246 409 1299 auctorem
431 1253 650 1300 communem
672 1228 823 1300 locutum
847 1254 925 1298 esse
945 1235 1113 1300 videmus.
1153 1235 1245 1298 Dicit
1267 1237 1357 1300 enim
1378 1238 1413 1302 in

230 1343 300 1410 fine
320 1342 394 1405 lere
415 1343 519 1406 totius
540 1352 709 1406 tractatus
731 1345 781 1422 (ᾗς
802 1343 975 1421 ata—320)
996 1343 1085 1406 inter
1106 1362 1227 1410 omnes
1242 1345 1418 1424 poematis

230 1452 375 1514 virtutes
403 1452 551 1531 primam
578 1469 656 1513 esse
686 1451 869 1528 σαφήειαν;
891 1449 1025 1526 ἄριστον
1053 1453 1088 1512 δὲ
1112 1451 1233 1529 ποίημά
1255 1453 1324 1514 ἐστι
1346 1455 1411 1514 κατ’

231 1559 350 1634 αὐτοὺς
371 1560 407 1624 τὸ
431 1559 554 1636 σαφές·
570 1559 665 1636 ἀρετή
682 1559 742 1635 γὰρ
757 1559 935 1636 ποιήματος
950 1558 969 1634 ἡ
987 1559 1159 1636 σαφήνεια.
1188 1561 1279 1624 Nihil
1295 1571 1411 1626 autem

182 1677 185 1686 ’
230 1669 354 1741 obstat,
387 1667 568 1746 quominus
599 1668 666 1729 hoc
694 1666 894 1746 Asclepiadi
920 1667 1144 1730 vindicemus,
1193 1668 1412 1746 Myrleanum

231 1774 422 1836 doctrinam
444 1774 608 1836 virtutum
630 1774 795 1836 orationis
815 1774 982 1853 imprimis
1003 1773 1125 1837 tertiae
1146 1775 1237 1854 parti
1257 1783 1302 1857 τῷ
1326 1776 1413 1840 ἴδιαι-

230 1883 312 1962 τὲρῳ
335 1881 464 1958 (Sexti),
486 1880 520 1942 id
543 1891 596 1942 est
616 1881 748 1958 iudicio,
771 1882 959 1944 subiecisse
982 1901 1025 1945 ex
1041 1882 1137 1946 Sexti
1158 1885 1235 1946 loco
1257 1893 1412 1963 apparet.

229 1992 328 2054 Nunc
354 1990 594 2070 intellegimus,
624 2007 684 2052 our
707 1989 934 2067 Quintilianus
962 1991 1004 2052 de
1031 1990 1140 2052 tribus
1161 1990 1345 2054 virtutibus
1365 1995 1413 2054 lo-

230 2100 356 2179 quendi
382 2100 415 2160 in
443 2098 554 2176 capite
581 2097 698 2176 quinto
726 2108 760 2160 et
787 2107 887 2162 sexto
916 2101 1027 2160 solam
1049 2101 1208 2176 regulam
1230 2100 1413 2164 emendate

230 2205 391 2286 loquendi
418 2209 475 2268 vel
502 2205 723 2290 Latinitatem
753 2206 904 2285 vitiaque
924 2205 971 2268 illi
1003 2205 1177 2268 contraria
1204 2215 1412 2284 pertractet:

231 2325 351 2378 auctor
366 2314 463 2376 Fabii
482 2314 517 2376 in
537 2314 650 2392 prima
670 2322 779 2392 parte,
800 2318 846 2393 τῷ
861 2317 1002 2394 τεχνικῷ,
1017 2324 1152 2377 tantum
1166 2317 1308 2392 περὶτοῦ
1326 2313 1414 2390 ἑλλη-

229 2423 347 2498 νισμοῦ
370 2421 425 2499 (de
448 2422 629 2484 emendate
650 2420 812 2500 loquendi
825 2423 960 2499 regula)
977 2421 1137 2484 disseruit
1153 2422 1209 2502 (ci.
1226 2423 1322 2502 Sexti
1338 2423 1414 2486 libri

230 2531 268 2607 ἐξ
293 2529 471 2606 tto-247),
497 2539 636 2591 ceterae
656 2529 812 2602 virtutes,
842 2547 860 2591 e
883 2529 1005 2608 quibus
1027 2531 1120 2609 apud
1141 2531 1286 2594 Sextum
1307 2550 1414 2594 unam

232 2637 425 2712 σαφήνειαν,
453 2637 472 2698 1.
497 2656 524 2699 c.
553 2637 698 2699 dilucide
720 2637 882 2716 loquendi
902 2640 1069 2716 regulam,
1093 2637 1311 2719 offendimus
1340 2639 1415 2702 sine

231 2745 334 2808 dubio
354 2744 389 2806 in
410 2745 513 2806 tertia
534 2753 633 2823 parte
655 2755 888 2823 pertractatae
911 2756 1009 2808 erant
1031 2757 1064 2809 et
1086 2764 1108 2808 a
1121 2746 1230 2808 Fabio
1253 2747 1310 2826 qui
1323 2749 1416 2810 hanc

231 2863 366 2931 partem
395 2851 580 2930 (iudicium)
610 2852 720 2913 obiter
746 2852 857 2931 tangit
885 2853 962 2927 arti
976 2853 1172 2918 rhetoricae
1199 2854 1254 2932 (ci.
1276 2855 1330 2918 lib.
1353 2855 1415 2928 IX)

230 2959 381 3022 insertae
408 2969 495 3021 sunt.
544 2959 740 3036 Quintiliani
767 2961 889 3038 regula
918 2963 1100 3024 emendate
1129 2963 1290 3041 loquendi
1318 2972 1414 3024 recte

174 3063 178 3068 ’
231 3067 391 3148 loquendi
412 3067 575 3130 scientiae
598 3067 718 3146 capitis
740 3068 789 3131 IV
811 3069 841 3146 (ξ
857 3068 888 3145 2)
909 3071 1107 3147 respondet,
1130 3087 1218 3149 quae
1241 3087 1415 3149 gramma-

232 3176 317 3238 tices
338 3176 432 3254 prior
452 3193 535 3254 pars
558 3184 621 3238 est.
666 3215 667 3221 κ

340 3285 497 3363 Exigitur
519 3295 636 3348 autem
655 3286 743 3346 haec
766 3285 948 3346 emendate
963 3285 1125 3364 loquendi
1140 3285 1249 3348 virtus
1264 3285 1414 3364 primurn

233 3394 376 3472 singulis
406 3393 522 3455 verbis
555 3393 677 3456 deinde
709 3391 985 3471 compluribus.¹)
1037 3393 1091 3456 De
1123 3395 1240 3456 verbis
1272 3393 1416 3473 singulis

233 3501 361 3563 Fabius
389 3501 438 3563 sic
466 3501 538 3580 agit
566 3504 606 3580 (c.
629 3502 662 3564 V
684 3503 728 3578 Sl:
759 3502 843 3564 »Uni
868 3501 976 3563 verbo
997 3502 1118 3564 vitium
1143 3501 1417 3582 saepius'quam

234 3610 343 3672 virtus
368 3609 466 3672 inest.
501 3610 598 3672 Licet
627 3609 717 3671 enim
743 3609 897 3671 dicamus
923 3609 1050 3688 aliquid
1074 3610 1261 3688 proprium,
1285 3611 1416 3689 specio-

235 3735 321 3794 sum,
344 3717 497 3789 sublime,
519 3717 601 3778 nihil
622 3727 741 3779 tamen
761 3718 886 3780 horum
906 3717 971 3778 nisi
993 3717 1027 3778 in
1050 3720 1234 3796 complexu
1254 3719 1416 3798 loquendi

235 3825 392 3904 serieque
415 3825 593 3904 contingit3
622 3824 805 3886 laudamus
834 3823 924 3886 enim
951 3826 1060 3887 verba
1081 3826 1185 3887 rebus
1206 3828 1294 3889 bene
1317 3845 1415 3890 acco-

236 3933 417 4010 modata.2)
446 3932 528 3994 Sola
549 3943 610 4008 est,
633 3950 722 4012 quae
744 3932 856 3994 notari
878 3933 987 4011 possit
1008 3935 1103 3994 velut
1124 3935 1303 4012 vocalitas,
1326 3953 1417 4014 quae

247 4061 453 4068 ——-—-—

345 4103 363 4162 ¹)
386 4102 445 4148 Hoc
468 4103 622 4162 singulorum
644 4103 801 4165 pluriumque
824 4103 958 4149 verborum
982 4104 1120 4150 discrimen
1144 4105 1192 4150 iam
1216 4105 1369 4154 Aristoteles
1392 4117 1418 4154 et

237 4191 428 4253 Theophrastus
446 4192 573 4238 nonnullis
591 4193 655 4238 locis
675 4194 769 4240 iaciunt
785 4170 830 4252 ¹(cl.
847 4192 927 4248 Rabc,
944 4193 960 4239 l.
978 4193 992 4244 l.
1010 4209 1036 4255 p,
1051 4206 1078 4248 41
1100 4197 1172 4254 sqql:

343 4282 362 4342 ²)
380 4281 446 4328 Nam
464 4282 488 4326 in
507 4291 627 4328 contextu
645 4292 740 4329 tantum
753 4284 883 4341 orationis,
902 4298 965 4344 quae
979 4284 1120 4330 intercedat
1137 4285 1201 4330 ratio
1214 4285 1280 4330 inter
1290 4283 1323 4334 τὸ
1334 4285 1421 4336 ναοὺ-

237 4386 324 4434 μενον
343 4379 367 4420 et
384 4371 417 4422 τὸ
436 4370 599 4432 λεγόμενον,
617 4387 738 4433 apparere
756 4381 848 4433 potest.
869 4372 963 4419 Totum
981 4374 1056 4434 igitur
1068 4373 1135 4430 illud,
1149 4373 1215 4435 quod
1228 4373 1420 4436 ἀκυρολογίαν
