3168 5066
671 389 935 504 ſsa-

246 617 370 711 ‘potus
402 629 578 692 diversum
609 631 703 691 valet
734 644 839 708 quam
870 629 1014 692 indicat«
1047 630 1188 710 respicit
1219 629 1292 692 sine
1322 629 1424 692 dubio

174 757 175 773 Γ
243 739 326 801 illud
347 737 398 818 (ἐξ
413 737 517 816 24Γ25)
542 745 620 800 »aut
641 755 730 818 quae
750 737 915 800 feminina
936 737 1106 816 positione
1126 755 1244 800 mares
1265 748 1325 802 aut
1345 752 1425 800 neu-

243 847 322 910 trali
332 845 481 909 feminas
494 845 699 924 significant,
716 845 830 926 qualia
845 853 924 908 sunt
937 845 1104 908 ‘Murena'
1123 854 1157 908 et
1170 845 1425 924 ‘Glycerium'‹<.

245 953 453 1016 Conferatur
496 954 541 1015 ad
582 953 719 1032 singula
762 955 922 1032 exempla
955 952 1133 1016 Charisius
1168 954 1287 1032 (175‚²⁵‚
1316 955 1425 1030 179,20,

243 1063 398 1141 249‚s,1s).
410 1061 432 1142 1)

809 1348 860 1410 ΠΙ.
1122 1351 1124 1358 ⁴
1299 1441 1305 1458 Ι
1414 1353 1428 1388 l

353 1511 474 1590 Capite
497 1509 614 1590 quinto
637 1511 681 1573 ad
702 1527 763 1574 eas
784 1510 1035 1590 grammaticae
1054 1515 1133 1588 part
1135 1525 1182 1585 eS,
1205 1527 1295 1588 quae
1309 1527 1427 1572 neces·

245 1620 336 1682 sario
368 1636 447 1680 cum
479 1627 553 1680 arte
519 1619 661 1680 trhet
648 1617 758 1681 torica
790 1619 987 1693 cohaerent,
1022 1617 1067 1679 ad
1098 1617 1243 1679 virtutes
1275 1617 1426 1706 vitiaque

221 1773 223 1782 ,
245 1727 410 1790 orationis
439 1736 561 1788 auctor
589 1725 787 1803 Quintiliani
814 1726 945 1788 transit.
992 1725 1145 1788 Primum
1172 1734 1223 1787 tot
1210 1725 1277 1788 tius
1306 1725 1396 1804 capit
1398 1725 1427 1787 is

245 1843 488 1913 argumentum
515 1833 668 1896 breviter
688 1834 788 1896 nobis
810 1832 1114 1912 contemplandum
1135 1831 1207 1895 erit.
1238 1833 1427 1917 Postquam

245 1943 296 2020 (ἐξ
321 1943 410 2022 1-4)
434 1943 475 2003 de
497 1941 681 2004 virtutibus
697 1939 861 2004 orationis
876 1940 1035 2019 vitiisque
1052 1940 1100 2002 eis
1116 1939 1296 2002 contrariis
1312 1947 1428 2002 actum

247 2059 308 2127 est,
339 2050 493 2130 sequitur
521 2049 559 2127 ἐξ
581 2051 681 2111 5-33
709 2046 751 2110 de
771 2049 988 2111 barbarismo
1010 2055 1188 2122 tractatus
1217 2049 1274 2127 qui
1298 2047 1373 2127 ipse
1393 2047 1428 2110 in

245 2157 329 2220 vitia
350 2157 521 2220 scribendi
544 2157 594 2236 (ἐξ
609 2159 722 2234 buli)
745 2166 778 2220 et
798 2157 891 2233 vitia,
915 2173 1003 2236 quae
1025 2155 1059 2216 in
1074 2153 1219 2216 dicendo
1234 2153 1330 2231 fiunt,
1347 2154 1429 2216 divi-
1484 2232 1489 2243 ‚

246 2264 336 2327 ditur
358 2265 409 2342 (ἐξ
434 2266 578 2344 17-33);
602 2271 636 2326 et
650 2265 717 2326 hae
733 2265 821 2326 duae
837 2272 955 2342 partes
970 2264 1004 2325 in
1019 2271 1206 2343 quaternas
1222 2261 1427 2326 dividuntur.
1473 2247 1486 2258 Ἀ

246 2371 345 2434 Cont
323 2379 406 2434 tinet
429 2372 520 2434 enim
548 2373 586 2450 ἐξ
607 2374 706 2434 5-17
728 2371 821 2444 vitia,
850 2388 939 2450 quae
960 2371 1047 2433 fiunt
1074 2370 1195 2432 adiect
1173 2378 1274 2447 tione,
1298 2371 1429 2433 detrac-

245 2479 347 2556 tione,
377 2479 625 2555 immutatione,
654 2487 848 2544 transmuta
827 2480 950 2558 atione,
981 2489 1014 2542 et
1040 2481 1078 2558 ἐξ
1102 2479 1220 2541 17-33
1240 2477 1307 2554 illa,
1339 2493 1428 2558 quae

246 2587 423 2662 divisione,
456 2587 705 2666 complexione,
735 2595 813 2667 spat
814 2588 857 2665 io,
880 2588 973 2650 sonis
996 2589 1159 2650 oriuntur.
1202 2587 1289 2666 Ipsis
1311 2594 1426 2648 autem

246 2695 340 2758 sonis
362 2694 555 2758 continetur
576 2695 725 2774 primum
740 2695 914 2774 aspirati0,
930 2695 1053 2758 deinde
1067 2706 1167 2758 tenor
1181 2697 1238 2757 uel
1254 2703 1426 2771 accentus

221 2791 224 2796 ¹
246 2803 392 2882 denique
414 2803 508 2879 vitia,
531 2821 619 2882 quae
642 2821 701 2864 ore
724 2812 758 2866 et
778 2803 896 2882 lingua
918 2805 1085 2867 accidunt.

354 2910 514 2990 Sequitur
537 2913 587 2990 (ξς
599 2911 731 2990 33-54)
753 2919 922 2974 tractatus
938 2913 1094 2989 devitiis
1111 2929 1199 2991 quae
1215 2929 1259 2973 ex
1274 2911 1428 2988 pluribus

246 3019 391 3082 vocibus
418 3018 505 3081 liunt
532 3021 589 3081 vel
618 3019 660 3081 de
689 3015 894 3081 soloecismo
924 3027 957 3082 et
986 3030 1090 3099 caput
1118 3020 1151 3082 V
1187 3017 1427 3080 dissertatione

247 3128 289 3190 de
325 3127 540 3206 singulorum
570 3127 765 3189 'verborum
803 3127 894 3190 vitiis
929 3125 1180 3205 virtutibusque
1215 3124 1429 3188 concluditur

247 3243 413 3315 sequente
436 3243 578 3298 auctore
600 3235 755 3297 ordinem
777 3237 795 3313 ς
816 3236 835 3298 3
856 3235 1056 3297 institutum.
1080 3234 1256 3314 (»Singula
1275 3243 1355 3296 sunt
1369 3241 1428 3295 aut

246 3352 367 3406 nostra
395 3351 454 3405 aut
481 3343 676 3422 peregrina,
699 3352 758 3404 aut
779 3343 948 3422 simplicia
968 3351 1027 3405 aut
1049 3343 1250 3421 composita,
1273 3351 1331 3403 aut
1352 3357 1428 3419 pro-

247 3452 323 3530 pria
344 3459 403 3512 aut
424 3453 602 3526 translata,
625 3459 684 3513 aut
704 3451 832 3512 usitata
853 3459 912 3512 aut
932 3450 1057 3528 licta«)
1088 3450 1200 3526 Quam
1222 3458 1296 3512 arte
1312 3458 1428 3512 autem

247 3559 411 3622 hictotus
428 3569 606 3636 tractatus
625 3575 834 3639 quamquam
845 3557 1223 3638 saepeagrammatieis
1235 3557 1428 3618 vindicatus

248 3676 310 3743 est,
339 3677 457 3729 tamen
479 3685 557 3729 cum
578 3667 752 3730 rhetorica
773 3667 974 3729 coniunctus
997 3666 1049 3742 sit,
1059 3667 1082 3743 2)
1112 3684 1153 3727 eo
1176 3663 1427 3742 cognoscimus,

212 3817 213 3824 Γ
248 3775 340 3854 quod
361 3777 488 3837 multos
510 3775 606 3838 locos
627 3775 661 3836 in
683 3775 750 3836 hoc
772 3773 884 3853 capite
905 3773 1108 3849 invenimus
1131 3769 1311 3850 dequibus
1328 3771 1428 3848 Quin-

356 3964 374 4024 Γ)
394 3962 434 4011 cr.
452 3963 577 4012 causes
594 3948 611 4010 1.'
627 3962 643 4013 Γ,
660 3977 685 4024 p.
703 3962 755 4021 378.

355 4054 373 4112 2)
392 4053 474 4114 Quam
493 4068 569 4115 saepe
587 4052 651 4099 haec
669 4053 700 4099 de
713 4051 846 4099 virtutibus
864 4051 981 4110 vitiisque
993 4049 1116 4095 orationis
1130 4049 1246 4094 doctrina
1258 4063 1272 4094 a
1285 4047 1428 4094 rhetoribus

248 4143 348 4205 prolata
366 4151 390 4189 et
409 4144 518 4204 repetita
535 4145 574 4201 sit,
597 4143 682 4190 multis
701 4142 831 4204 exemplis,
850 4149 876 4188 ut
894 4149 963 4187 recte
982 4155 1021 4184 me
1040 4139 1171 4184 admonuit
1188 4138 1271 4184 Bruno
1289 4139 1354 4194 Keil,
1373 4138 1428 4184 rhe-

248 4242 331 4280 torum
342 4231 499 4279 Graecorum
517 4233 661 4285 edocemur.
689 4231 818 4279 Nonnulla
836 4230 939 4291 collegit
956 4228 1137 4279 R.Vollrmann
1154 4227 1230 4285 (›>Die
1247 4227 1371 4274 Rhetorilr
1383 4227 1429 4273 der

250 4322 377 4369 Griechen
390 4323 727 4384 undemerp,461sqq.«).
745 4321 871 4383 Imprimis
883 4319 1020 4379 Dionysius
1033 4316 1245 4363 Halicarnasseus
1261 4327 1285 4363 et
1297 4317 1428 4378 Longinus

249 4412 290 4458 hic
308 4413 462 4474 respiciendi
482 4419 562 4459 erunt.
