3168 5066
647 325 846 438 „25-

150 573 276 644 potest,
298 565 561 643 locupletiorem
582 565 617 627 in
639 564 692 627 his
714 565 839 628 librum
861 565 1046 646 exscripsit
1065 585 1170 646 quam
1185 567 1341 632 Halicar-

149 671 332 734 nassensis
348 671 437 734 exile
452 682 565 752 caput.
587 672 679 735 Num
693 673 835 752 insuper
846 673 1197 737 Halicarnassensem
1212 674 1339 738 adiisse

150 780 327 860 putandus
361 781 449 844 est?«
500 781 607 842 Recte
640 781 689 842 sic
718 781 814 844 Rabe
848 781 1054 847 disseruisse
1082 783 1166 844 mihi
1193 783 1338 846 videtur.

150 887 230 949 Hoc
259 896 393 950 tantum
422 887 570 950 dubitari
597 897 721 967 potest,
751 899 867 952 utrum
896 889 1086 968 Dionysius
1116 891 1235 960 Thrax
1262 891 1338 970 ipse

150 1004 275 1058 auctor
296 995 394 1058 Fabii
415 995 607 1058 sententiae
624 995 741 1085 luerit,
765 1014 809 1058 an
825 997 911 1062 alius
927 998 1185 1076 grammaticus,
1202 998 1338 1062 Thrace

149 1103 404 1190 minor-aetate,
424 1103 481 1182 qui
496 1103 570 1166 eius
585 1103 792 1166 sententiam
809 1113 842 1166 et
857 1104 1009 1167 attulerit
1022 1114 1058 1166 et
1072 1105 1337 1186 impugnaverit.

149 1211 206 1272 Ex
240 1220 314 1272 toto
347 1210 437 1273 enim
465 1211 563 1273 Fabii
595 1219 745 1274 tractatu
778 1213 1021 1290 cognoscimus
1050 1223 1109 1276 aut
1136 1214 1251 1293 ipsum
1280 1224 1339 1276 aut

150 1319 226 1382 eius
249 1328 428 1382 auctorem
450 1316 541 1400 idem
561 1320 746 1384 discrimen
764 1321 853 1382 inter
867 1338 995 1384 nomen
1010 1330 1044 1383 et
1060 1321 1337 1401 appellationem,

148 1427 171 1489 i.
194 1446 223 1489 e.
244 1427 467 1502 προσηγορίαν
497 1425 540 1490 et*
559 1426 673 1504 ὄνομα,
701 1427 837 1502 iecisse,
867 1429 959 1508 quod
986 1429 1057 1490 iam
1079 1429 1171 1508 apud
1192 1430 1339 1494 Sextum

145 1553 260 1614 supra
281 1535 441 1598 eruimus
464 1535 586 1597 Nonne
605 1535 709 1614 igitur
724 1551 944 1598 communem
967 1545 1000 1598 et
1015 1537 1113 1600 Fabii
1132 1537 1283 1600 auctoris
1304 1547 1339 1600 et

148 1643 249 1716 Sexti
273 1643 405 1705 fontem
431 1643 650 1722 Asclepiadis
672 1653 783 1721 artem
805 1644 838 1706 in
860 1647 927 1708 hac
949 1663 1086 1724 quoque
1108 1655 1208 1725 parte
1229 1646 1337 1710 luisse

147 1751 338 1814 verisimile
355 1761 416 1828 est,
439 1752 645 1830 praesertim
662 1769 741 1817 cum
756 1770 923 1832 magnam
938 1753 973 1815 in
989 1753 1213 1832 dispositione
1224 1743 1338 1818 simili-

147 1859 305 1922 tudinem
327 1859 395 1922 iarn
418 1859 785 1922 animadverterimus?

259 1967 402 2044 Restat*
419 1976 456 2028 ut
489 1967 533 2029 ad
562 1968 698 2046 singula
727 1968 828 2030 huius
856 1968 965 2046 partis
987 1953 1207 2041 accedamus,
1249 1971 1337 2034 Cum

148 2074 378 2138 Aristotelem
398 2082 432 2136 et
447 2073 685 2138 Theodectem
698 2075 808 2136 verba
824 2084 857 2136 et
871 2075 1012 2138 nomina
1028 2085 1062 2138 et
1077 2077 1336 2158 convinctiones

149 2183 311 2264 posuisse
335 2181 562 2258 Quintilianus
585 2181 740 2260 proferat
762 2183 793 2262 (ᾗ
812 2183 870 2261 la),
890 2182 1087 2245 Priscianus
1109 2183 1199 2262 (Keil
1213 2184 1242 2247 H
1255 2187 1304 2262 54,
1313 2188 1336 2264 ⁶)

149 2293 240 2354 duas
261 2293 365 2355 modo
387 2303 516 2380 partes,
538 2293 647 2356 verba
670 2302 703 2356 et
724 2295 873 2371 nomina,
890 2294 1069 2363 Aristoteli
1083 2295 1208 2360 tribuit.
1239 2297 1336 2374 Quae

149 2400 348 2484 differentia
379 2401 519 2462 scholiis
552 2402 597 2463 ad
628 2401 787 2480 Dionysii
819 2402 964 2464 Thracis
997 2412 1113 2476 artem,
1140 2405 1225 2466 satis
1254 2397 1337 2466 mihi

148 2508 317 2588 explicari
349 2508 498 2584 videtur,
532 2507 590 2570 ubi
622 2510 666 2588 (p.
690 2510 803 2587 attiae)
830 2509 992 2588 legimus:
1028 2509 1066 2570 Oi
1094 2509 1337 2587 Περιπατητικοὶ

144 2617 229 2677 δύο·
251 2616 327 2692 μέρη
352 2616 450 2689 λόγου
474 2616 636 2678 ἐδόξασαν
659 2610 748 2693 εἶναι,
772 2617 877 2693 ὄνομα
892 2618 942 2678 καὶ
959 2616 1052 2693 ῥῆμα.
1074 2619 1113 2679 τὰ
1134 2620 1169 2678 δὲ
1192 2617 1274 2680 ἄλλα
1297 2619 1335 2680 οὐ

149 2725 302 2798 λέγουσιν
336 2719 415 2785 εἶναι
447 2711 523 2800 μέρη
555 2722 653 2796 λόγου
683 2723 753 2784 ἀλλ’
783 2723 889 2786 ἕνεκεν
919 2725 1108 2800 συνδέσεως
1137 2727 1187 2786 καὶ
1217 2727 1336 2804 κόλλης

145 2834 471 2909 παραλαμβάνεσθαι.
687 2897 688 2902 ,
1164 2902 1173 2920 „

260 2939 377 3002 Tertia
404 2940 508 3019 igitur
536 2959 634 3020 parS,¹
658 2959 762 3020 quam
791 2941 889 3003 Fabii
921 2950 1042 3004 auctor
1070 2942 1249 3004 Aristoteli
1278 2943 1338 3004 ada

146 3049 278 3125 scribit,
307 3066 350 3110 ea
372 3049 620 3127 complectitur,
644 3048 664 3110 ἃ
686 3049 724 3110 οὐ
749 3049 899 3122 λέγουσιν
928 3043 1008 3110 εἶναι
1030 3049 1108 3125 μέρη
1132 3049 1240 3123 λόγου,
1265 3049 1334 3110 ἀλλ’
1428 3067 1430 3075 ⁴

147 3156 258 3219 ἕνεκεν
278 3157 478 3232 συνδέσεως
505 3159 554 3218 καὶ
581 3157 699 3232 κόλλης
722 3157 1071 3236 παραλαμβάνεσθαι.1)
1113 3159 1270 3221 Eandem
1291 3159 1334 3219 de

259 3363 278 3420 1)
296 3362 440 3409 Difficultas
458 3363 583 3425 quaedam
600 3363 710 3410 fortasse
728 3363 921 3411 nobisexstare
938 3362 1044 3419 videtur,
1063 3363 1084 3408 si
1102 3377 1138 3419 ea,
1157 3377 1222 3423 quae
1239 3361 1334 3409 Fabius

148 3455 182 3501 de
200 3453 314 3515 partibus
332 3455 456 3500 orationis
474 3455 506 3500 ab
524 3452 663 3500 Aristotele
681 3453 780 3500 traditis
798 3454 879 3511 affert,
898 3469 954 3500 cum
973 3454 1056 3526 capite
1069 3453 1119 3498 XX
1137 3453 1197 3500 artis
1215 3453 1334 3514 poeticae

148 3543 314 3602 conferimus,
339 3545 382 3590 ubi
408 3544 480 3591 initio
503 3544 625 3606 legimus:
651 3543 706 3607 Τῆς
729 3544 759 3594 δὲ
784 3543 885 3604 λέξεως
912 3543 1021 3607 ἁπάσης
1039 3543 1099 3593 τάδ’
1122 3541 1181 3593 ἐστὶ
1198 3543 1234 3594 τὰ
1252 3543 1335 3608 μέρη·

148 3636 306 3696 στοιχεῖον,
334 3634 469 3697 συλλαβή,
498 3633 669 3696 σύνδεσμος,
699 3635 813 3696 ὄνομα,
832 3635 917 3697 ῥῆμα,
947 3634 1066 3696 ἄρθρον,
1095 3637 1213 3694 πτῶσις,
1242 3633 1334 3696 λόγος,

148 3715 349 3773 Primo'obturu
370 3725 411 3772 hic
434 3734 494 3772 octo
517 3734 603 3786 partes
621 3725 783 3776 offendimus.
816 3725 901 3787 Quare
919 3723 1044 3772 Steinthal
1061 3723 1167 3783 (Gesch.
1184 3724 1207 3775 d.
1227 3723 1335 3787 Sprach-

149 3815 331 3862 wissenschaft
348 3813 373 3861 Ι2
391 3814 499 3875 264l268)
516 3814 582 3860 hunc
600 3816 719 3876 poeticae
731 3815 816 3860 locum
829 3821 975 3875 corruptum
988 3828 1045 3859 esse
1058 3813 1174 3863 affirmat.
1197 3813 1247 3861 Sed
1264 3825 1334 3861 recte
1378 3819 1380 3824 '

149 3907 203 3952 iam
227 3903 388 3967 Spaldingius
415 3905 465 3964 (ed.
488 3904 638 3966 Quintiliani
661 3904 712 3966 lp.
731 3903 766 3962 76.
790 3903 856 3962 adn.)
883 3902 926 3948 illo
948 3902 1006 3949 loco
1028 3918 1080 3949 non
1102 3911 1188 3964 partes
1210 3903 1334 3950 orationis

145 3997 215 4059 (rob
229 3994 327 4057 λόγου)
346 3995 392 4042 sed
404 3997 453 4057 τῆς
467 3993 575 4056 λέξεως,
589 3995 603 4044 i.
617 4010 638 4044 e.
656 3995 756 4056 linguae
769 3991 809 4038 vel
822 3993 982 4050 elocutionis,
994 3994 1136 4038 enumerari
1147 3970 1334 4039 animadvertit.

148 4087 234 4134 Aliter
255 4085 326 4132 Rabe
351 4085 376 4144 (l,
396 4087 409 4132 l.
431 4100 455 4146 p.
474 4084 555 4143 38l39)
580 4085 683 4132 disserit
705 4085 736 4130 de
758 4084 807 4130 hoc
829 4085 948 4146 poeticae
965 4084 1036 4129 loco:
1065 4083 1106 4130 »ln
1132 4084 1192 4130 artis
1215 4085 1333 4145 poeticae

148 4175 298 4224 Aristotelis
325 4157 409 4237 capite
436 4187 465 4221 20
482 4184 583 4237 praeter
601 4184 652 4221 tres
670 4182 756 4236 partes
779 4175 856 4220 etiam
878 4174 909 4221 ab
932 4173 976 4220 illo
998 4181 1102 4220 auctore
1124 4174 1149 4231 (i.
1168 4188 1188 4222 e.
1207 4173 1333 4232 Dionysio

65 4257 69 4268 ’
147 4265 385 4325 Halicarnassensi)
402 4265 534 4312 Aristoteli
547 4266 653 4312 tributas
667 4264 774 4328 ἄρθρον
791 4263 901 4320 affertur,
915 4264 1114 4326 corruptissimis
1127 4263 1228 4324 quidem
1241 4261 1333 4320 verbis,

146 4365 175 4404 at
199 4355 309 4406 affertur.
343 4355 448 4412 Usener,
467 4363 493 4401 ut
515 4355 703 4401 dissensionem
727 4355 845 4411 solveret,
868 4353 972 4415 Quaest.
990 4354 1107 4400 Anaxiin.
1129 4368 1151 4414 p.
1170 4364 1200 4411 39
1222 4353 1332 4399 coniecit
