3168 5066
744 375 865 437 -24
910 413 947 420 μ.

254 562 361 636 θέσεις
377 561 440 622 ἀπὸ
455 563 520 622 τῶν
544 563 740 638 συνδέσμων
763 564 813 624 καὶ
834 563 891 638 τὰς
915 564 1051 640 μετοχὰς
1074 564 1137 626 ἀπὸ
1158 572 1222 628 τῶν
1241 581 1438 644 προσηγορι-

254 672 329 742 κῶν,
352 669 560 731 Conferatur
576 669 819 746 Quintilianus:
838 671 1005 733 »Veteres
1022 671 1121 749 enim,
1138 691 1285 752 quorum
1299 673 1439 737 fuerunt

252 776 460 838 Aristoteles
483 795 619 856 quoque
642 787 745 857 atque
761 777 989 856 Theodectes,
1005 779 1115 841 verba
1130 781 1234 842 modo
1251 781 1439 844 et-nomina

253 891 288 944 et
319 883 578 946 convinctiones
610 885 838 948 tradiderunt:
871 885 1032 948 videlicet
1057 887 1149 965 quod
1174 887 1209 948 in
1229 889 1346 951 verbis
1367 889 1438 952 vim

251 991 437 1068 sermoniS,
469 992 503 1054 in
534 992 729 1055 nominibus
758 993 940 1066 materiam
969 993 1062 1072 (quia
1091 996 1238 1058 alterum
1268 998 1438 1076 estquod

251 1100 432 1180 loquimur,
469 1101 625 1177 alterum,
662 1102 705 1163 de
740 1119 808 1180 quo
843 1101 1037 1180 loquimur),
1073 1101 1107 1163 in
1140 1103 1437 1186 convinctionibus

251 1215 369 1269 autem
396 1209 616 1287 complexum
643 1226 763 1271 eorum
790 1226 868 1270 esse
890 1209 1142 1272 iudicaverunt:
1171 1229 1257 1290 quas
1280 1208 1437 1274 coniunc-

250 1313 363 1376 tiones
385 1333 406 1376 a
427 1315 601 1396 plerisque
623 1316 688 1379 dici
714 1317 795 1392 sci0,
824 1317 886 1378 sed
912 1318 1000 1379 haec
1027 1317 1163 1380 videtur
1189 1335 1233 1380 ex
1261 1319 1436 1400 συνδέσμῳ

251 1423 364 1502 magis
385 1423 527 1503 propria
548 1424 737 1486 translatio
760 1425 930 1488 Paulatim
946 1443 967 1486 a
986 1406 1202 1505 philosophis
1225 1443 1266 1488 ac
1285 1427 1437 1490 maxime

250 1529 375 1594 Stoicis
397 1540 519 1594 auctus
542 1541 595 1594 est
616 1550 789 1608 numerus
812 1551 853 1594 ac
875 1532 1024 1612 primum
1044 1533 1340 1597 convinctionibus
1360 1535 1438 1597 arti-

143 1709 145 1715 A
248 1639 317 1712 culi
339 1640 463 1702 adiecti
484 1650 564 1720 post
585 1640 870 1720 praepositiones
886 1641 1081 1703 nominibus
1097 1641 1293 1720 appellatio
1313 1643 1436 1705 deinde

249 1763 452 1824 pronomen,
485 1748 607 1810 deinde
640 1748 785 1810 mixtum
816 1749 925 1810 verbo
951 1748 1178 1828 participium,
1208 1749 1292 1828 ipsis
1318 1750 1436 1812 verbis

247 1853 444 1916 adverbia«
490 1855 587 1932 Quae
610 1873 819 1934 quamquam
842 1855 1014 1917 simillima
1036 1865 1124 1933 sunt,
1151 1866 1269 1918 tamen
1290 1855 1436 1920 Fabium

248 1961 314 2023 has
343 1963 533 2026 sententias
561 1982 604 2026 ex
630 1963 951 2026 Halicarnassensis
979 1963 1065 2024 libro
1097 1964 1315 2042 excerpsisse
1341 1966 1435 2026 nullo

248 2069 353 2150 modo
376 2071 535 2133 concludi
556 2080 681 2150 potest,
710 2071 803 2149 quod
828 2079 922 2132 recte
949 2071 1117 2132 intellexit
1137 2071 1234 2134 Rabe
1256 2071 1290 2133 in
1312 2072 1435 2134 disser-

247 2177 378 2239 tatione
405 2178 476 2270 »De
492 2177 726 2256 Theophrasti
744 2178 838 2239 libris
859 2179 929 2253 περὶ
947 2177 1063 2252 λέξεως
1079 2179 1220 2242 Bonnae
1239 2180 1333 2242 1890«
1351 2199 1383 2259 p.
1395 2181 1434 2242 37

246 2284 298 2346 sic
311 2295 587 2364 argumentatus:
613 2286 664 2348 »A
680 2285 887 2362 Quintiliano
900 2285 989 2347 verti
1002 2285 1160 2364 Dionysii
1174 2288 1283 2349 verba
1296 2288 1434 2350 omnino

245 2392 409 2456 credibile
440 2412 509 2456 non
540 2403 602 2471 est,
633 2393 746 2456 minus
778 2392 881 2454 etiam
908 2393 1069 2455 credibile
1096 2394 1246 2456 rhetoris
1273 2395 1362 2458 illius
1390 2397 1432 2458 de

245 2502 496 2580 compositione
529 2503 625 2577 libro,
656 2502 691 2564 in
724 2519 791 2580 quo
814 2501 944 2580 ‘paucis
970 2511 1104 2564 tantum
1131 2513 1165 2564 et
1195 2503 1322 2564 cursim
1345 2505 1432 2566 hacc

246 2609 425 2686 provincia
451 2619 600 2672 tractata
622 2619 705 2686 erat,
733 2627 834 2671 usum
857 2627 935 2671 esse
959 2609 1212 2687 Quintilianum,
1235 2611 1289 2674 cui
1311 2613 1377 2674 hac
1398 2612 1432 2674 in

245 2735 284 2778 re
316 2719 554 2796 grammatica,
587 2729 624 2780 ut
657 2719 691 2779 in
723 2717 807 2793 aliis,
841 2717 1150 2796 grammaticorum
1182 2719 1257 2782 libri
1289 2728 1430 2798 praesto

248 2835 355 2888 erant.
400 2826 531 2902 Quibus
564 2825 727 2887 differant
757 2825 846 2886 inter
878 2844 917 2887 se
948 2825 996 2888 illi
1028 2825 1102 2902 loci,
1136 2827 1247 2905 quivis
1281 2827 1431 2890 animad-

246 2933 358 2995 vertit.
401 2933 523 2996 Statim
546 2932 694 2995 afferam
715 2933 960 3012 gravissimum
984 2945 1236 3013 argumentum.
1274 2935 1385 3012 Quint.
1408 2935 1430 2997 Ι.

246 3041 274 3116 4,
301 3041 357 3103 2οτ
397 3041 489 3102 »Alii
520 3049 637 3106 tamen
670 3059 713 3103 ex
744 3041 877 3102 idoneis
907 3041 1088 3104 dumtaxat
1113 3044 1318 3106 auctoribus
1352 3052 1430 3105 octo

245 3157 364 3226 partes
387 3149 495 3212 secuti
518 3159 606 3226 sunt,
623 3158 661 3211 ut
675 3149 901 3212 Aristarchus
917 3159 951 3212 et
966 3160 1081 3226 aetate
1095 3162 1217 3214 nostra
1231 3153 1429 3227 Palaemon,

245 3257 303 3335 qui
325 3259 534 3320 vocabulum
556 3257 630 3320 sive
653 3258 921 3337 appellationem
944 3258 1072 3344 nomini
1095 3259 1323 3337 subiecerunt,
1346 3269 1431 3322 tam-

245 3383 350 3443 quam
373 3365 507 3444 species
530 3365 638 3428 eius«¹
667 3365 778 3428 Huius
800 3365 992 3428 sententiae
1008 3366 1101 3444 apud
1116 3366 1323 3445 Dionysium
1337 3367 1430 3429 Hali-

246 3489 512 3535 carnassensem
543 3491 608 3535 nec
639 3475 722 3534 vola
752 3491 817 3534 nec
849 3473 1034 3554 vestigium
1060 3475 1240 3537 invenitur.
1283 3475 1430 3537 Remmii

245 3597 372 3642 nomen
404 3599 467 3642 nos
499 3600 568 3642 non
600 3580 770 3660 provehit,
803 3581 965 3659 quoniam
997 3592 1140 3661 propter
1166 3592 1283 3644 cetera
1309 3591 1430 3644 auctor

244 3687 547 3750 Halicarnassensi
573 3683 668 3766 prior
689 3687 907 3765 quaerendus
930 3698 997 3767 est;
1027 3690 1089 3750 sed
1111 3691 1211 3751 adest
1232 3689 1321 3751 felici
1345 3707 1429 3752 casu

244 3793 439 3856 Aristarchi
462 3794 648 3873 discipulus
665 3793 854 3872 Dionysius
870 3795 997 3872 Thrax,
1019 3796 1053 3858 in
1076 3797 1172 3858 cuius
1192 3806 1266 3858 arte
1281 3797 1428 3878 legimus

241 3901 363 3980 (Uhlig
388 3921 421 3981 p.
448 3902 515 3980 23):
548 3905 605 3962 τοῦ
639 3902 674 3961 δὲ
707 3900 805 3974 λόγου
840 3902 918 3978 μέρη
951 3881 1039 3964 ἔστὶν
1072 3903 1300 3980 ὀκτώ·ὄνομσ,
1334 3904 1427 3981 ῥῆμα,

243 4010 371 4086 μετοχή,
394 4009 525 4086 ἄρθρον,
543 4008 734 4083 ἀντωνυμία,
749 4009 913 4088 πρόθεσις,
931 4010 1095 4087 ἐπίρρημα,
1114 4011 1316 4086 σύνοεσμοςε
1333 4013 1350 4087 ἡ
1367 4013 1427 4089 γὰρ

241 4118 448 4194 προσηγορία
482 4119 527 4193 ὡς
560 4112 647 4191 εἶδος
679 4122 723 4197 τῷ
757 4117 889 4194 ὀνόματι
922 4111 1142 4196 θποβὲβλητοοΙ
1200 4120 1427 4196 Quintilianus

238 4225 347 4304 igitur
373 4227 441 4304 (vel
471 4226 544 4288 eius
568 4233 703 4295 auctor;
731 4218 941 4305 distinguere
963 4229 1030 4289 hoc
1052 4230 1128 4289 loco
1152 4243 1239 4306 opus
1260 4247 1330 4290 non
1352 4231 1426 4305 est),

242 4352 323 4396 cum
344 4335 441 4397 cuius
463 4334 579 4396 verbis
602 4334 721 4397 ultima
742 4335 855 4414 magis
878 4335 1103 4412 consentiunt,
1127 4354 1232 4414 quam
1254 4355 1337 4399 casu
1352 4335 1429 4398 lieri
