<?xml version="1.0" encoding="UTF-8"?>
<!DOCTYPE html PUBLIC "-//W3C//DTD XHTML 1.0 Transitional//EN"
    "http://www.w3.org/TR/xhtml1/DTD/xhtml1-transitional.dtd">
<html xmlns="http://www.w3.org/1999/xhtml" xml:lang="en" lang="en">
 <head>
  <title>
</title>
<meta http-equiv="Content-Type" content="text/html;charset=utf-8" />
  <meta name='ocr-system' content='tesseract 3.04.00' />
  <meta name='ocr-capabilities' content='ocr_page ocr_carea ocr_par ocr_line ocrx_word'/>
</head>
<body>
  <div class='ocr_page' id='page_1' title='image "./dequintilianise00heingoog_0084.png"; bbox 0 0 3168 5066; ppageno 0'>
   <div class='ocr_carea' id='block_1_1' title="bbox 666 437 866 497">
    <p class='ocr_par' dir='ltr' id='par_1_1' title="bbox 666 437 866 497">
     <span class='ocr_line' id='line_1_1' title="bbox 666 437 866 497; baseline 0.01 -19"><span class='ocrx_word' id='word_1_1' title='bbox 666 437 866 497; x_wconf 71' lang='grc'>..75..</span> 
     </span>
    </p>
   </div>
   <div class='ocr_carea' id='block_1_2' title="bbox 157 621 1439 2856">
    <p class='ocr_par' dir='ltr' id='par_1_2' title="bbox 157 621 1439 2856">
     <span class='ocr_line' id='line_1_2' title="bbox 157 621 1362 704; baseline 0.004 -22"><span class='ocrx_word' id='word_1_2' title='bbox 157 623 221 683; x_wconf 87' lang='grc' dir='ltr'>καὶ</span> <span class='ocrx_word' id='word_1_3' title='bbox 252 621 287 683; x_wconf 83' lang='grc' dir='ltr'>ἐν</span> <span class='ocrx_word' id='word_1_4' title='bbox 315 629 353 704; x_wconf 78' lang='grc' dir='ltr'>τῇ</span> <span class='ocrx_word' id='word_1_5' title='bbox 384 621 428 699; x_wconf 89' lang='grc' dir='ltr'>εἰς</span> <span class='ocrx_word' id='word_1_6' title='bbox 456 623 495 684; x_wconf 86' lang='grc' dir='ltr'>τὰ</span> <span class='ocrx_word' id='word_1_7' title='bbox 522 625 581 682; x_wconf 85' lang='grc' dir='ltr'>τοῦ</span> <span class='ocrx_word' id='word_1_8' title='bbox 608 622 707 696; x_wconf 86' lang='grc' dir='ltr'>λόγου</span> <span class='ocrx_word' id='word_1_9' title='bbox 736 621 813 700; x_wconf 77' lang='grc' dir='ltr'>μέρη</span> <span class='ocrx_word' id='word_1_10' title='bbox 843 625 1073 700; x_wconf 66' lang='lat' dir='ltr'>bromium...</span> <span class='ocrx_word' id='word_1_11' title='bbox 1095 624 1212 704; x_wconf 85' lang='lat' dir='ltr'>Pergit</span> <span class='ocrx_word' id='word_1_12' title='bbox 1232 625 1362 688; x_wconf 82' lang='lat' dir='ltr'><strong>Fabius</strong></span> 
     </span>
     <span class='ocr_line' id='line_1_3' title="bbox 160 729 1362 812; baseline 0.003 -21"><span class='ocrx_word' id='word_1_13' title='bbox 160 729 199 808; x_wconf 77' lang='lat' dir='ltr'>tj§</span> <span class='ocrx_word' id='word_1_14' title='bbox 235 730 299 806; x_wconf 71' lang='lat' dir='ltr'>ml:</span> <span class='ocrx_word' id='word_1_15' title='bbox 337 730 569 810; x_wconf 68' lang='lat' dir='ltr'>»Deprendat</span> <span class='ocrx_word' id='word_1_16' title='bbox 606 749 696 810; x_wconf 89' lang='lat' dir='ltr'>quae</span> <span class='ocrx_word' id='word_1_17' title='bbox 727 731 887 804; x_wconf 84' lang='lat' dir='ltr'>barbara,</span> <span class='ocrx_word' id='word_1_18' title='bbox 919 749 1009 812; x_wconf 89' lang='lat' dir='ltr'>quae</span> <span class='ocrx_word' id='word_1_19' title='bbox 1040 732 1239 812; x_wconf 89' lang='lat' dir='ltr'>impropria,</span> <span class='ocrx_word' id='word_1_20' title='bbox 1272 751 1362 812; x_wconf 90' lang='lat' dir='ltr'>quae</span> 
     </span>
     <span class='ocr_line' id='line_1_4' title="bbox 162 838 1439 920; baseline 0.002 -20"><span class='ocrx_word' id='word_1_21' title='bbox 162 848 297 900; x_wconf 86' lang='lat' dir='ltr'>contra</span> <span class='ocrx_word' id='word_1_22' title='bbox 325 841 423 918; x_wconf 87' lang='lat' dir='ltr'>leges</span> <span class='ocrx_word' id='word_1_23' title='bbox 454 838 618 920; x_wconf 90' lang='lat' dir='ltr'>loquendi</span> <span class='ocrx_word' id='word_1_24' title='bbox 645 838 712 900; x_wconf 88' lang='lat' dir='ltr'>sint</span> <span class='ocrx_word' id='word_1_25' title='bbox 740 839 863 918; x_wconf 89' lang='lat' dir='ltr'>posita,</span> <span class='ocrx_word' id='word_1_26' title='bbox 886 859 956 905; x_wconf 90' lang='lat' dir='ltr'>non</span> <span class='ocrx_word' id='word_1_27' title='bbox 977 851 1014 902; x_wconf 89' lang='lat' dir='ltr'>ut</span> <span class='ocrx_word' id='word_1_28' title='bbox 1035 859 1081 902; x_wconf 90' lang='lat' dir='ltr'>ex</span> <span class='ocrx_word' id='word_1_29' title='bbox 1102 839 1143 902; x_wconf 92' lang='lat' dir='ltr'>iis</span> <span class='ocrx_word' id='word_1_30' title='bbox 1164 841 1282 920; x_wconf 91' lang='lat' dir='ltr'>utique</span> <span class='ocrx_word' id='word_1_31' title='bbox 1302 841 1362 902; x_wconf 92' lang='lat' dir='ltr'>im-</span> <span class='ocrx_word' id='word_1_32' title='bbox 1436 850 1439 862; x_wconf 88' lang='lat'>&#39;</span> 
     </span>
     <span class='ocr_line' id='line_1_5' title="bbox 163 945 1362 1026; baseline 0.003 -19"><span class='ocrx_word' id='word_1_33' title='bbox 163 945 364 1026; x_wconf 82' lang='lat' dir='ltr'>probentur</span> <span class='ocrx_word' id='word_1_34' title='bbox 394 955 535 1024; x_wconf 86' lang='lat' dir='ltr'>poetae,</span> <span class='ocrx_word' id='word_1_35' title='bbox 568 946 706 1024; x_wconf 85' lang='lat' dir='ltr'>quibus,</span> <span class='ocrx_word' id='word_1_36' title='bbox 739 946 818 1026; x_wconf 87' lang='lat' dir='ltr'>quia</span> <span class='ocrx_word' id='word_1_37' title='bbox 850 949 1055 1026; x_wconf 89' lang='lat' dir='ltr'>plerumque</span> <span class='ocrx_word' id='word_1_38' title='bbox 1086 947 1218 1010; x_wconf 83' lang='lat' dir='ltr'>servire</span> <span class='ocrx_word' id='word_1_39' title='bbox 1249 957 1362 1018; x_wconf 84' lang='lat' dir='ltr'>metro</span> 
     </span>
     <span class='ocr_line' id='line_1_6' title="bbox 165 1053 1363 1136; baseline 0.003 -21"><span class='ocrx_word' id='word_1_40' title='bbox 165 1062 354 1132; x_wconf 76' lang='lat' dir='ltr'>cogimtur,</span> <span class='ocrx_word' id='word_1_41' title='bbox 387 1053 476 1115; x_wconf 89' lang='lat' dir='ltr'>adeo</span> <span class='ocrx_word' id='word_1_42' title='bbox 507 1053 707 1132; x_wconf 82' lang='lat' dir='ltr'>ignoscitur,</span> <span class='ocrx_word' id='word_1_43' title='bbox 743 1063 781 1118; x_wconf 91' lang='lat' dir='ltr'>ut</span> <span class='ocrx_word' id='word_1_44' title='bbox 812 1055 896 1118; x_wconf 87' lang='lat' dir='ltr'>vitia</span> <span class='ocrx_word' id='word_1_45' title='bbox 927 1053 1004 1136; x_wconf 88' lang='lat' dir='ltr'>ipsa</span> <span class='ocrx_word' id='word_1_46' title='bbox 1035 1055 1110 1118; x_wconf 88' lang='lat' dir='ltr'>aliis</span> <span class='ocrx_word' id='word_1_47' title='bbox 1141 1055 1177 1118; x_wconf 93' lang='lat' dir='ltr'>in</span> <span class='ocrx_word' id='word_1_48' title='bbox 1209 1055 1363 1118; x_wconf 82' lang='lat' dir='ltr'><strong>carmine</strong></span> 
     </span>
     <span class='ocr_line' id='line_1_7' title="bbox 167 1161 1362 1242; baseline 0.002 -18"><span class='ocrx_word' id='word_1_49' title='bbox 167 1161 463 1241; x_wconf 81' lang='lat' dir='ltr'>appellationibus</span> <span class='ocrx_word' id='word_1_50' title='bbox 485 1162 764 1225; x_wconf 89' lang='lat' dir='ltr'>nominentur...</span> <span class='ocrx_word' id='word_1_51' title='bbox 778 1189 818 1238; x_wconf 82' lang='grc'>.,«</span> <span class='ocrx_word' id='word_1_52' title='bbox 832 1165 855 1241; x_wconf 81' lang='lat'>¹)</span> <span class='ocrx_word' id='word_1_53' title='bbox 877 1163 969 1242; x_wconf 91' lang='lat' dir='ltr'>quod</span> <span class='ocrx_word' id='word_1_54' title='bbox 985 1163 1085 1226; x_wconf 91' lang='lat' dir='ltr'>nobis</span> <span class='ocrx_word' id='word_1_55' title='bbox 1100 1163 1132 1226; x_wconf 92' lang='lat' dir='ltr'>in</span> <span class='ocrx_word' id='word_1_56' title='bbox 1157 1163 1362 1226; x_wconf 90' lang='lat' dir='ltr'>memoriam</span> 
     </span>
     <span class='ocr_line' id='line_1_8' title="bbox 165 1269 1363 1350; baseline 0.003 -19"><span class='ocrx_word' id='word_1_57' title='bbox 165 1279 318 1332; x_wconf 90' lang='lat' dir='ltr'>revocat</span> <span class='ocrx_word' id='word_1_58' title='bbox 345 1269 429 1332; x_wconf 90' lang='lat' dir='ltr'>illud</span> <span class='ocrx_word' id='word_1_59' title='bbox 455 1269 615 1348; x_wconf 86' lang='lat' dir='ltr'>Dionysii</span> <span class='ocrx_word' id='word_1_60' title='bbox 641 1270 787 1332; x_wconf 90' lang='lat' dir='ltr'>Thracis</span> <span class='ocrx_word' id='word_1_61' title='bbox 810 1271 928 1350; x_wconf 86' lang='lat' dir='ltr'>(Uhlig</span> <span class='ocrx_word' id='word_1_62' title='bbox 947 1289 980 1350; x_wconf 91' lang='lat' dir='ltr'>p.</span> <span class='ocrx_word' id='word_1_63' title='bbox 1002 1273 1031 1346; x_wconf 81' lang='lat'>5,</span> <span class='ocrx_word' id='word_1_64' title='bbox 1046 1273 1093 1348; x_wconf 84' lang='lat'>5):</span> <span class='ocrx_word' id='word_1_65' title='bbox 1122 1271 1274 1346; x_wconf 79' lang='grc' dir='ltr'>δεύτερον</span> <span class='ocrx_word' id='word_1_66' title='bbox 1296 1269 1363 1349; x_wconf 72' lang='lat' dir='ltr'>did·</span> 
     </span>
     <span class='ocr_line' id='line_1_9' title="bbox 167 1376 1362 1456; baseline 0.004 -19"><span class='ocrx_word' id='word_1_67' title='bbox 167 1391 269 1452; x_wconf 84' lang='grc' dir='ltr'>γησις</span> <span class='ocrx_word' id='word_1_68' title='bbox 302 1377 381 1438; x_wconf 89' lang='grc' dir='ltr'>κατὰ</span> <span class='ocrx_word' id='word_1_69' title='bbox 412 1378 490 1452; x_wconf 85' lang='grc' dir='ltr'>τοὺς</span> <span class='ocrx_word' id='word_1_70' title='bbox 521 1376 763 1454; x_wconf 80' lang='grc' dir='ltr'>ἐνυπάρχοντος</span> <span class='ocrx_word' id='word_1_71' title='bbox 794 1379 978 1454; x_wconf 85' lang='grc' dir='ltr'>ποιητικοὺς</span> <span class='ocrx_word' id='word_1_72' title='bbox 1010 1376 1168 1456; x_wconf 84' lang='grc' dir='ltr'>τρόπους,</span> <span class='ocrx_word' id='word_1_73' title='bbox 1201 1397 1222 1441; x_wconf 88' lang='lat' dir='ltr'>a</span> <span class='ocrx_word' id='word_1_74' title='bbox 1254 1379 1362 1442; x_wconf 88' lang='lat' dir='ltr'>Sexto</span> 
     </span>
     <span class='ocr_line' id='line_1_10' title="bbox 168 1483 1362 1573; baseline 0.003 -27"><span class='ocrx_word' id='word_1_75' title='bbox 168 1485 313 1573; x_wconf 88' lang='lat' dir='ltr'>quidem</span> <span class='ocrx_word' id='word_1_76' title='bbox 327 1483 451 1558; x_wconf 82' lang='lat' dir='ltr'>tertiae</span> <span class='ocrx_word' id='word_1_77' title='bbox 466 1485 550 1548; x_wconf 85' lang='lat' dir='ltr'>artis</span> <span class='ocrx_word' id='word_1_78' title='bbox 565 1485 655 1564; x_wconf 87' lang='lat' dir='ltr'>parti</span> <span class='ocrx_word' id='word_1_79' title='bbox 670 1485 935 1548; x_wconf 88' lang='lat' dir='ltr'>adnumeratum</span> <span class='ocrx_word' id='word_1_80' title='bbox 952 1488 982 1566; x_wconf 63' lang='grc' dir='ltr'>(ξ</span> <span class='ocrx_word' id='word_1_81' title='bbox 997 1487 1080 1565; x_wconf 82' lang='grc'>251),</span> <span class='ocrx_word' id='word_1_82' title='bbox 1096 1504 1117 1550; x_wconf 92' lang='lat' dir='ltr'>a</span> <span class='ocrx_word' id='word_1_83' title='bbox 1132 1487 1160 1548; x_wconf 91' lang='lat' dir='ltr'>F</span> <span class='ocrx_word' id='word_1_84' title='bbox 1162 1486 1230 1550; x_wconf 87' lang='lat' dir='ltr'>abii</span> <span class='ocrx_word' id='word_1_85' title='bbox 1245 1497 1362 1550; x_wconf 89' lang='lat' dir='ltr'>autem</span> 
     </span>
     <span class='ocr_line' id='line_1_11' title="bbox 168 1592 1362 1672; baseline 0.002 -16"><span class='ocrx_word' id='word_1_86' title='bbox 168 1601 327 1666; x_wconf 89' lang='lat' dir='ltr'>auctore,</span> <span class='ocrx_word' id='word_1_87' title='bbox 349 1592 476 1672; x_wconf 87' lang='lat' dir='ltr'>quippe</span> <span class='ocrx_word' id='word_1_88' title='bbox 498 1593 556 1672; x_wconf 92' lang='lat' dir='ltr'>qui</span> <span class='ocrx_word' id='word_1_89' title='bbox 576 1593 714 1656; x_wconf 86' lang='lat' dir='ltr'>tertiam</span> <span class='ocrx_word' id='word_1_90' title='bbox 735 1594 833 1656; x_wconf 87' lang='lat' dir='ltr'>Sexti</span> <span class='ocrx_word' id='word_1_91' title='bbox 853 1603 988 1672; x_wconf 89' lang='lat' dir='ltr'>partem</span> <span class='ocrx_word' id='word_1_92' title='bbox 1011 1594 1175 1670; x_wconf 85' lang='lat' dir='ltr'>omiserit,</span> <span class='ocrx_word' id='word_1_93' title='bbox 1192 1595 1226 1656; x_wconf 90' lang='lat' dir='ltr'>in</span> <span class='ocrx_word' id='word_1_94' title='bbox 1242 1613 1362 1666; x_wconf 84' lang='lat' dir='ltr'>setun-</span> 
     </span>
     <span class='ocr_line' id='line_1_12' title="bbox 168 1700 1362 1783; baseline 0.003 -21"><span class='ocrx_word' id='word_1_95' title='bbox 168 1703 256 1763; x_wconf 89' lang='lat' dir='ltr'>dam</span> <span class='ocrx_word' id='word_1_96' title='bbox 277 1701 453 1763; x_wconf 89' lang='lat' dir='ltr'>insertum.</span> <span class='ocrx_word' id='word_1_97' title='bbox 483 1700 692 1764; x_wconf 78' lang='lat' dir='ltr'>Conferatur</span> <span class='ocrx_word' id='word_1_98' title='bbox 707 1701 830 1764; x_wconf 89' lang='lat' dir='ltr'>deinde</span> <span class='ocrx_word' id='word_1_99' title='bbox 845 1701 943 1764; x_wconf 90' lang='lat' dir='ltr'>Fabii</span> <span class='ocrx_word' id='word_1_100' title='bbox 957 1703 988 1781; x_wconf 61' lang='grc' dir='ltr'>(ξ</span> <span class='ocrx_word' id='word_1_101' title='bbox 1006 1703 1069 1774; x_wconf 83' lang='grc'>15);</span> <span class='ocrx_word' id='word_1_102' title='bbox 1094 1703 1215 1766; x_wconf 84' lang='lat' dir='ltr'>»Circa</span> <span class='ocrx_word' id='word_1_103' title='bbox 1229 1706 1362 1783; x_wconf 88' lang='lat' dir='ltr'>glosse-</span> 
     </span>
     <span class='ocr_line' id='line_1_13' title="bbox 167 1809 1362 1885; baseline 0.002 -13"><span class='ocrx_word' id='word_1_104' title='bbox 167 1817 272 1872; x_wconf 89' lang='lat' dir='ltr'>mata</span> <span class='ocrx_word' id='word_1_105' title='bbox 297 1809 409 1884; x_wconf 81' lang='lat' dir='ltr'>etiam‚</span> <span class='ocrx_word' id='word_1_106' title='bbox 436 1809 472 1870; x_wconf 92' lang='lat' dir='ltr'>id</span> <span class='ocrx_word' id='word_1_107' title='bbox 499 1817 553 1871; x_wconf 90' lang='lat' dir='ltr'>est</span> <span class='ocrx_word' id='word_1_108' title='bbox 579 1827 687 1872; x_wconf 88' lang='lat' dir='ltr'>voces</span> <span class='ocrx_word' id='word_1_109' title='bbox 715 1809 829 1872; x_wconf 91' lang='lat' dir='ltr'>minus</span> <span class='ocrx_word' id='word_1_110' title='bbox 857 1810 1013 1885; x_wconf 74' lang='lat' dir='ltr'>usitatas</span> <span class='ocrx_word' id='word_1_111' title='bbox 1041 1828 1111 1873; x_wconf 92' lang='lat' dir='ltr'>non</span> <span class='ocrx_word' id='word_1_112' title='bbox 1139 1811 1258 1874; x_wconf 90' lang='lat' dir='ltr'>ultima</span> <span class='ocrx_word' id='word_1_113' title='bbox 1289 1812 1362 1874; x_wconf 88' lang='lat' dir='ltr'>eius</span> 
     </span>
     <span class='ocr_line' id='line_1_14' title="bbox 167 1915 1362 1999; baseline 0.002 -21"><span class='ocrx_word' id='word_1_114' title='bbox 167 1916 401 1998; x_wconf 79' lang='lat' dir='ltr'>professionis</span> <span class='ocrx_word' id='word_1_115' title='bbox 423 1915 599 1996; x_wconf 83' lang='lat' dir='ltr'>diligentia</span> <span class='ocrx_word' id='word_1_116' title='bbox 620 1925 690 1978; x_wconf 82' lang='lat' dir='ltr'>est«</span> <span class='ocrx_word' id='word_1_117' title='bbox 715 1934 794 1978; x_wconf 89' lang='lat' dir='ltr'>cum</span> <span class='ocrx_word' id='word_1_118' title='bbox 815 1916 974 1995; x_wconf 81' lang='lat' dir='ltr'>Dionysii</span> <span class='ocrx_word' id='word_1_119' title='bbox 995 1917 1114 1998; x_wconf 86' lang='lat' dir='ltr'>(Uhlig</span> <span class='ocrx_word' id='word_1_120' title='bbox 1134 1938 1166 1999; x_wconf 89' lang='lat' dir='ltr'>p.</span> <span class='ocrx_word' id='word_1_121' title='bbox 1185 1921 1233 1995; x_wconf 76' lang='lat' dir='ltr'>ol:</span> <span class='ocrx_word' id='word_1_122' title='bbox 1256 1919 1362 1996; x_wconf 87' lang='grc' dir='ltr'>τρίτον</span> 
     </span>
     <span class='ocr_line' id='line_1_15' title="bbox 167 2019 1362 2102; baseline 0.004 -18"><span class='ocrx_word' id='word_1_123' title='bbox 167 2027 340 2099; x_wconf 83' lang='grc' dir='ltr'>γλωσσῶν</span> <span class='ocrx_word' id='word_1_124' title='bbox 367 2043 402 2085; x_wconf 88' lang='grc' dir='ltr'>τε</span> <span class='ocrx_word' id='word_1_125' title='bbox 430 2024 480 2085; x_wconf 89' lang='grc' dir='ltr'>καὶ</span> <span class='ocrx_word' id='word_1_126' title='bbox 507 2023 661 2100; x_wconf 84' lang='grc' dir='ltr'>ἱστοριῶν</span> <span class='ocrx_word' id='word_1_127' title='bbox 688 2019 861 2101; x_wconf 85' lang='grc' dir='ltr'>πρόχειρος</span> <span class='ocrx_word' id='word_1_128' title='bbox 890 2021 1057 2100; x_wconf 79' lang='grc' dir='ltr'>ἀπόδοσις.</span> <span class='ocrx_word' id='word_1_129' title='bbox 1101 2025 1167 2102; x_wconf 90' lang='lat' dir='ltr'>Qui</span> <span class='ocrx_word' id='word_1_130' title='bbox 1190 2035 1362 2089; x_wconf 89' lang='lat' dir='ltr'>tractatus</span> 
     </span>
     <span class='ocr_line' id='line_1_16' title="bbox 169 2130 1363 2214; baseline 0 -19"><span class='ocrx_word' id='word_1_131' title='bbox 169 2135 219 2196; x_wconf 88' lang='lat' dir='ltr'>ab</span> <span class='ocrx_word' id='word_1_132' title='bbox 242 2131 450 2210; x_wconf 85' lang='lat' dir='ltr'>Asclepiade</span> <span class='ocrx_word' id='word_1_133' title='bbox 472 2149 609 2212; x_wconf 92' lang='lat' dir='ltr'>quoque</span> <span class='ocrx_word' id='word_1_134' title='bbox 630 2137 675 2212; x_wconf 84' lang='grc' dir='ltr'>τῶ</span> <span class='ocrx_word' id='word_1_135' title='bbox 699 2130 850 2207; x_wconf 84' lang='grc' dir='ltr'>ἱστορικῶ</span> <span class='ocrx_word' id='word_1_136' title='bbox 874 2133 1092 2213; x_wconf 79' lang='lat' dir='ltr'>subiungitur</span> <span class='ocrx_word' id='word_1_137' title='bbox 1117 2137 1148 2214; x_wconf 58' lang='grc' dir='ltr'>(ἓ</span> <span class='ocrx_word' id='word_1_138' title='bbox 1170 2135 1257 2213; x_wconf 81' lang='grc'>253);</span> <span class='ocrx_word' id='word_1_139' title='bbox 1286 2135 1363 2196; x_wconf 80' lang='grc' dir='ltr'>ὑπο-</span> 
     </span>
     <span class='ocr_line' id='line_1_17' title="bbox 167 2238 1362 2321; baseline 0.002 -19"><span class='ocrx_word' id='word_1_140' title='bbox 167 2241 358 2302; x_wconf 83' lang='grc' dir='ltr'>τάσσεσθαι</span> <span class='ocrx_word' id='word_1_141' title='bbox 387 2241 422 2300; x_wconf 75' lang='lat' dir='ltr'>at</span> <span class='ocrx_word' id='word_1_142' title='bbox 448 2245 493 2321; x_wconf 83' lang='grc' dir='ltr'>τῷ</span> <span class='ocrx_word' id='word_1_143' title='bbox 521 2238 673 2318; x_wconf 80' lang='grc' dir='ltr'>ἱστορικῷ</span> <span class='ocrx_word' id='word_1_144' title='bbox 703 2243 821 2314; x_wconf 82' lang='grc' dir='ltr'>κοινῶς</span> <span class='ocrx_word' id='word_1_145' title='bbox 844 2240 941 2318; x_wconf 86' lang='grc' dir='ltr'>φησί,</span> <span class='ocrx_word' id='word_1_146' title='bbox 970 2241 1079 2315; x_wconf 87' lang='grc' dir='ltr'>καθὼς</span> <span class='ocrx_word' id='word_1_147' title='bbox 1101 2243 1152 2303; x_wconf 87' lang='grc' dir='ltr'>καὶ</span> <span class='ocrx_word' id='word_1_148' title='bbox 1173 2243 1362 2318; x_wconf 84' lang='grc' dir='ltr'>Διονύσιος,</span> 
     </span>
     <span class='ocr_line' id='line_1_18' title="bbox 168 2336 1363 2429; baseline 0.003 -21"><span class='ocrx_word' id='word_1_149' title='bbox 168 2348 212 2408; x_wconf 83' lang='grc' dir='ltr'>τό</span> <span class='ocrx_word' id='word_1_150' title='bbox 234 2348 304 2423; x_wconf 87' lang='grc' dir='ltr'>περὶ</span> <span class='ocrx_word' id='word_1_151' title='bbox 324 2346 383 2421; x_wconf 88' lang='grc' dir='ltr'>τὰς</span> <span class='ocrx_word' id='word_1_152' title='bbox 403 2346 556 2420; x_wconf 88' lang='grc' dir='ltr'>γλώττας.</span> <span class='ocrx_word' id='word_1_153' title='bbox 587 2345 810 2409; x_wconf 88' lang='lat' dir='ltr'>Concluditur</span> <span class='ocrx_word' id='word_1_154' title='bbox 831 2347 919 2409; x_wconf 87' lang='lat' dir='ltr'>haec</span> <span class='ocrx_word' id='word_1_155' title='bbox 940 2366 1023 2428; x_wconf 86' lang='lat' dir='ltr'>pars</span> <span class='ocrx_word' id='word_1_156' title='bbox 1042 2350 1060 2427; x_wconf 63' lang='grc' dir='ltr'>ό</span> <span class='ocrx_word' id='word_1_157' title='bbox 1078 2350 1128 2411; x_wconf 86' lang='grc'>17;</span> <span class='ocrx_word' id='word_1_158' title='bbox 1154 2336 1363 2429; x_wconf 83' lang='lat' dir='ltr'>»Praecipue</span> 
     </span>
     <span class='ocr_line' id='line_1_19' title="bbox 168 2454 1363 2535; baseline 0.001 -17"><span class='ocrx_word' id='word_1_159' title='bbox 168 2473 261 2518; x_wconf 84' lang='lat' dir='ltr'>vero</span> <span class='ocrx_word' id='word_1_160' title='bbox 287 2455 346 2518; x_wconf 88' lang='lat' dir='ltr'>illa</span> <span class='ocrx_word' id='word_1_161' title='bbox 372 2454 495 2534; x_wconf 82' lang='lat' dir='ltr'>inligat</span> <span class='ocrx_word' id='word_1_162' title='bbox 524 2454 655 2528; x_wconf 86' lang='lat' dir='ltr'>animis,</span> <span class='ocrx_word' id='word_1_163' title='bbox 684 2471 773 2534; x_wconf 90' lang='lat' dir='ltr'>quae</span> <span class='ocrx_word' id='word_1_164' title='bbox 795 2454 829 2516; x_wconf 92' lang='lat' dir='ltr'>in</span> <span class='ocrx_word' id='word_1_165' title='bbox 851 2456 1055 2518; x_wconf 90' lang='lat' dir='ltr'>oeconomia</span> <span class='ocrx_word' id='word_1_166' title='bbox 1076 2456 1195 2528; x_wconf 87' lang='lat' dir='ltr'>virtus,</span> <span class='ocrx_word' id='word_1_167' title='bbox 1218 2456 1363 2535; x_wconf 88' lang='lat' dir='ltr'>quaein</span> 
     </span>
     <span class='ocr_line' id='line_1_20' title="bbox 171 2561 1362 2642; baseline -0.002 -16"><span class='ocrx_word' id='word_1_168' title='bbox 171 2565 302 2626; x_wconf 89' lang='lat' dir='ltr'>decore</span> <span class='ocrx_word' id='word_1_169' title='bbox 330 2580 456 2640; x_wconf 91' lang='lat' dir='ltr'>rerum,</span> <span class='ocrx_word' id='word_1_170' title='bbox 486 2561 567 2642; x_wconf 90' lang='lat' dir='ltr'>quid</span> <span class='ocrx_word' id='word_1_171' title='bbox 594 2579 767 2640; x_wconf 84' lang='lat' dir='ltr'>personae</span> <span class='ocrx_word' id='word_1_172' title='bbox 789 2562 911 2641; x_wconf 88' lang='lat' dir='ltr'>cuique</span> <span class='ocrx_word' id='word_1_173' title='bbox 934 2561 1162 2626; x_wconf 64' lang='lat' dir='ltr'>convenerit«</span> <span class='ocrx_word' id='word_1_174' title='bbox 1203 2563 1362 2640; x_wconf 88' lang='lat' dir='ltr'>Quocum</span> 
     </span>
     <span class='ocr_line' id='line_1_21' title="bbox 170 2669 1361 2749; baseline -0.002 -15"><span class='ocrx_word' id='word_1_175' title='bbox 170 2671 376 2734; x_wconf 81' lang='lat' dir='ltr'>conferatur</span> <span class='ocrx_word' id='word_1_176' title='bbox 402 2669 621 2749; x_wconf 88' lang='lat' dir='ltr'>Asclepiadis</span> <span class='ocrx_word' id='word_1_177' title='bbox 653 2671 683 2748; x_wconf 64' lang='grc' dir='ltr'>(ξ</span> <span class='ocrx_word' id='word_1_178' title='bbox 713 2670 801 2749; x_wconf 81' lang='grc'>253);</span> <span class='ocrx_word' id='word_1_179' title='bbox 836 2673 893 2744; x_wconf 82' lang='grc' dir='ltr'>τῆς</span> <span class='ocrx_word' id='word_1_180' title='bbox 926 2671 961 2736; x_wconf 80' lang='grc' dir='ltr'>οὲ</span> <span class='ocrx_word' id='word_1_181' title='bbox 993 2669 1137 2746; x_wconf 81' lang='grc' dir='ltr'>ἀληθοῦς</span> <span class='ocrx_word' id='word_1_182' title='bbox 1168 2671 1239 2746; x_wconf 82' lang='grc' dir='ltr'>τρία</span> <span class='ocrx_word' id='word_1_183' title='bbox 1265 2670 1361 2732; x_wconf 89' lang='grc' dir='ltr'>πόλιν</span> 
     </span>
     <span class='ocr_line' id='line_1_22' title="bbox 172 2773 1362 2856; baseline -0.002 -16"><span class='ocrx_word' id='word_1_184' title='bbox 172 2779 271 2856; x_wconf 76' lang='grc' dir='ltr'>μέρη·</span> <span class='ocrx_word' id='word_1_185' title='bbox 294 2777 312 2853; x_wconf 89' lang='grc' dir='ltr'>ἡ</span> <span class='ocrx_word' id='word_1_186' title='bbox 337 2779 392 2854; x_wconf 78' lang='grc' dir='ltr'>μὲν</span> <span class='ocrx_word' id='word_1_187' title='bbox 420 2776 481 2854; x_wconf 89' lang='grc' dir='ltr'>γάρ</span> <span class='ocrx_word' id='word_1_188' title='bbox 511 2776 578 2838; x_wconf 86' lang='grc' dir='ltr'>ἐστι</span> <span class='ocrx_word' id='word_1_189' title='bbox 606 2778 677 2853; x_wconf 85' lang='grc' dir='ltr'>περὶ</span> <span class='ocrx_word' id='word_1_190' title='bbox 704 2778 744 2837; x_wconf 88' lang='grc' dir='ltr'>τὰ</span> <span class='ocrx_word' id='word_1_191' title='bbox 769 2773 958 2852; x_wconf 87' lang='grc' dir='ltr'>πρόσωπα</span> <span class='ocrx_word' id='word_1_192' title='bbox 984 2783 1070 2839; x_wconf 85' lang='grc' dir='ltr'>θεῶν</span> <span class='ocrx_word' id='word_1_193' title='bbox 1097 2778 1147 2838; x_wconf 87' lang='grc' dir='ltr'>καὶ</span> <span class='ocrx_word' id='word_1_194' title='bbox 1170 2774 1289 2854; x_wconf 80' lang='grc' dir='ltr'>ἡρῶων</span> <span class='ocrx_word' id='word_1_195' title='bbox 1313 2779 1362 2839; x_wconf 87' lang='grc' dir='ltr'>καὶ</span> 
     </span>
    </p>
   </div>
   <div class='ocr_carea' id='block_1_3' title="bbox 172 2882 1465 2969">
    <p class='ocr_par' dir='ltr' id='par_1_3' title="bbox 172 2882 1465 2969">
     <span class='ocr_line' id='line_1_23' title="bbox 172 2882 1465 2969; baseline -0.001 -22"><span class='ocrx_word' id='word_1_196' title='bbox 172 2887 307 2962; x_wconf 82' lang='grc' dir='ltr'>ἀνδρῶν</span> <span class='ocrx_word' id='word_1_197' title='bbox 329 2885 506 2962; x_wconf 79' lang='grc' dir='ltr'>ἐπιφανῶν,</span> <span class='ocrx_word' id='word_1_198' title='bbox 528 2883 547 2959; x_wconf 88' lang='grc' dir='ltr'>ἡ</span> <span class='ocrx_word' id='word_1_199' title='bbox 571 2886 607 2945; x_wconf 80' lang='grc' dir='ltr'>δὲ</span> <span class='ocrx_word' id='word_1_200' title='bbox 627 2886 697 2960; x_wconf 89' lang='grc' dir='ltr'>περὶ</span> <span class='ocrx_word' id='word_1_201' title='bbox 718 2885 796 2959; x_wconf 88' lang='grc' dir='ltr'>τοὺς</span> <span class='ocrx_word' id='word_1_202' title='bbox 816 2883 940 2960; x_wconf 86' lang='grc' dir='ltr'>τόπους</span> <span class='ocrx_word' id='word_1_203' title='bbox 962 2887 1012 2946; x_wconf 84' lang='grc' dir='ltr'>καὶ</span> <span class='ocrx_word' id='word_1_204' title='bbox 1033 2882 1184 2961; x_wconf 86' lang='grc' dir='ltr'>χρόνους,</span> <span class='ocrx_word' id='word_1_205' title='bbox 1205 2884 1278 2960; x_wconf 80' lang='grc' dir='ltr'>ἡδὲ</span> <span class='ocrx_word' id='word_1_206' title='bbox 1292 2887 1365 2969; x_wconf 39' lang='grc' dir='ltr'>περὶ,</span> <span class='ocrx_word' id='word_1_207' title='bbox 1461 2938 1465 2954; x_wconf 81' lang='grc'>,</span> 
     </span>
    </p>
   </div>
   <div class='ocr_carea' id='block_1_4' title="bbox 79 2987 1362 4145">
    <p class='ocr_par' dir='ltr' id='par_1_4' title="bbox 79 2987 1362 3717">
     <span class='ocr_line' id='line_1_24' title="bbox 79 2987 1361 3074; baseline 0 -20"><span class='ocrx_word' id='word_1_208' title='bbox 79 2987 84 2993; x_wconf 85' lang='grc'><strong>’</strong></span> <span class='ocrx_word' id='word_1_209' title='bbox 170 2995 233 3068; x_wconf 83' lang='grc' dir='ltr'>τὰς</span> <span class='ocrx_word' id='word_1_210' title='bbox 254 2993 389 3069; x_wconf 74' lang='grc' dir='ltr'>πράξεις.</span> <span class='ocrx_word' id='word_1_211' title='bbox 419 2993 578 3072; x_wconf 87' lang='lat' dir='ltr'>Denique</span> <span class='ocrx_word' id='word_1_212' title='bbox 600 2992 768 3071; x_wconf 82' lang='lat' dir='ltr'>magistro</span> <span class='ocrx_word' id='word_1_213' title='bbox 791 2993 1100 3056; x_wconf 89' lang='lat' dir='ltr'>demonstrandum</span> <span class='ocrx_word' id='word_1_214' title='bbox 1122 3001 1189 3056; x_wconf 89' lang='lat' dir='ltr'>est:</span> <span class='ocrx_word' id='word_1_215' title='bbox 1214 2993 1313 3074; x_wconf 89' lang='lat' dir='ltr'>»quid</span> <span class='ocrx_word' id='word_1_216' title='bbox 1327 2994 1361 3054; x_wconf 92' lang='lat' dir='ltr'>in</span> 
     </span>
     <span class='ocr_line' id='line_1_25' title="bbox 172 3099 1361 3180; baseline -0.001 -16"><span class='ocrx_word' id='word_1_217' title='bbox 172 3101 335 3164; x_wconf 89' lang='lat' dir='ltr'>sensibus</span> <span class='ocrx_word' id='word_1_218' title='bbox 366 3101 587 3176; x_wconf 85' lang='lat' dir='ltr'>laudandum,</span> <span class='ocrx_word' id='word_1_219' title='bbox 619 3099 700 3178; x_wconf 90' lang='lat' dir='ltr'>quid</span> <span class='ocrx_word' id='word_1_220' title='bbox 730 3099 764 3161; x_wconf 95' lang='lat' dir='ltr'>in</span> <span class='ocrx_word' id='word_1_221' title='bbox 792 3101 918 3176; x_wconf 71' lang='lat' dir='ltr'>verbis</span> <span class='ocrx_word' id='word_1_222' title='bbox 951 3101 1007 3162; x_wconf 93' lang='lat' dir='ltr'>ubi</span> <span class='ocrx_word' id='word_1_223' title='bbox 1037 3101 1138 3180; x_wconf 87' lang='lat' dir='ltr'>copia</span> <span class='ocrx_word' id='word_1_224' title='bbox 1163 3101 1361 3180; x_wconf 91' lang='lat' dir='ltr'>probabilis,</span> 
     </span>
     <span class='ocr_line' id='line_1_26' title="bbox 170 3207 1362 3283; baseline -0.001 -12"><span class='ocrx_word' id='word_1_225' title='bbox 170 3209 234 3272; x_wconf 88' lang='lat' dir='ltr'>ubi</span> <span class='ocrx_word' id='word_1_226' title='bbox 266 3208 421 3270; x_wconf 91' lang='lat' dir='ltr'>modus«.</span> <span class='ocrx_word' id='word_1_227' title='bbox 476 3208 541 3270; x_wconf 90' lang='lat' dir='ltr'>His</span> <span class='ocrx_word' id='word_1_228' title='bbox 576 3207 709 3283; x_wconf 83' lang='lat' dir='ltr'>accedit</span> <span class='ocrx_word' id='word_1_229' title='bbox 749 3207 784 3269; x_wconf 88' lang='lat' dir='ltr'>in</span> <span class='ocrx_word' id='word_1_230' title='bbox 825 3207 894 3269; x_wconf 88' lang='lat' dir='ltr'>fine</span> <span class='ocrx_word' id='word_1_231' title='bbox 930 3209 1104 3270; x_wconf 86' lang='lat' dir='ltr'>enarratio</span> <span class='ocrx_word' id='word_1_232' title='bbox 1140 3209 1362 3270; x_wconf 87' lang='lat' dir='ltr'>historiarum</span> 
     </span>
     <span class='ocr_line' id='line_1_27' title="bbox 173 3315 1361 3396; baseline 0 -18"><span class='ocrx_word' id='word_1_233' title='bbox 173 3318 227 3396; x_wconf 56' lang='grc' dir='ltr'>(ἐξ</span> <span class='ocrx_word' id='word_1_234' title='bbox 251 3316 397 3387; x_wconf 76' lang='lat' dir='ltr'>18-2lt:</span> <span class='ocrx_word' id='word_1_235' title='bbox 431 3315 607 3396; x_wconf 78' lang='lat' dir='ltr'>»Diligens</span> <span class='ocrx_word' id='word_1_236' title='bbox 639 3315 777 3394; x_wconf 87' lang='lat' dir='ltr'>quidem</span> <span class='ocrx_word' id='word_1_237' title='bbox 806 3315 864 3376; x_wconf 90' lang='lat' dir='ltr'>illa</span> <span class='ocrx_word' id='word_1_238' title='bbox 895 3333 973 3396; x_wconf 85' lang='lat' dir='ltr'>esse</span> <span class='ocrx_word' id='word_1_239' title='bbox 1001 3316 1113 3386; x_wconf 84' lang='lat' dir='ltr'>debet,</span> <span class='ocrx_word' id='word_1_240' title='bbox 1146 3334 1215 3377; x_wconf 86' lang='lat' dir='ltr'>non</span> <span class='ocrx_word' id='word_1_241' title='bbox 1243 3325 1361 3378; x_wconf 89' lang='lat' dir='ltr'>tamen</span> 
     </span>
     <span class='ocr_line' id='line_1_28' title="bbox 172 3409 1362 3504; baseline -0.002 -17"><span class='ocrx_word' id='word_1_242' title='bbox 172 3443 285 3504; x_wconf 89' lang='lat' dir='ltr'>usque</span> <span class='ocrx_word' id='word_1_243' title='bbox 307 3425 352 3487; x_wconf 91' lang='lat' dir='ltr'>ad</span> <span class='ocrx_word' id='word_1_244' title='bbox 374 3441 630 3503; x_wconf 88' lang='lat' dir='ltr'>supervacuum</span> <span class='ocrx_word' id='word_1_245' title='bbox 651 3424 807 3484; x_wconf 87' lang='lat' dir='ltr'>laborem</span> <span class='ocrx_word' id='word_1_246' title='bbox 823 3432 1020 3502; x_wconf 86' lang='lat' dir='ltr'>occupata«</span> <span class='ocrx_word' id='word_1_247' title='bbox 1051 3409 1140 3486; x_wconf 90' lang='lat' dir='ltr'>Nam</span> <span class='ocrx_word' id='word_1_248' title='bbox 1155 3442 1225 3485; x_wconf 92' lang='lat' dir='ltr'>non</span> <span class='ocrx_word' id='word_1_249' title='bbox 1240 3441 1362 3485; x_wconf 90' lang='lat' dir='ltr'>omnes</span> 
     </span>
     <span class='ocr_line' id='line_1_29' title="bbox 174 3531 1361 3610; baseline -0.002 -16"><span class='ocrx_word' id='word_1_250' title='bbox 174 3543 338 3594; x_wconf 87' lang='lat' dir='ltr'>auctores</span> <span class='ocrx_word' id='word_1_251' title='bbox 353 3531 447 3610; x_wconf 83' lang='lat' dir='ltr'>digni</span> <span class='ocrx_word' id='word_1_252' title='bbox 462 3541 550 3606; x_wconf 89' lang='lat' dir='ltr'>sunt,</span> <span class='ocrx_word' id='word_1_253' title='bbox 566 3531 624 3610; x_wconf 91' lang='lat' dir='ltr'>qui</span> <span class='ocrx_word' id='word_1_254' title='bbox 638 3539 907 3609; x_wconf 88' lang='lat' dir='ltr'>pertractentur;</span> <span class='ocrx_word' id='word_1_255' title='bbox 923 3532 985 3592; x_wconf 90' lang='lat' dir='ltr'>sed</span> <span class='ocrx_word' id='word_1_256' title='bbox 1003 3540 1180 3610; x_wconf 84' lang='lat' dir='ltr'>»receptas</span> <span class='ocrx_word' id='word_1_257' title='bbox 1197 3540 1256 3593; x_wconf 86' lang='lat' dir='ltr'>aut</span> <span class='ocrx_word' id='word_1_258' title='bbox 1267 3542 1361 3592; x_wconf 90' lang='lat' dir='ltr'>certe</span> 
     </span>
     <span class='ocr_line' id='line_1_30' title="bbox 174 3623 1361 3717; baseline -0.002 -15"><span class='ocrx_word' id='word_1_259' title='bbox 174 3623 289 3702; x_wconf 70' lang='lat' dir='ltr'>claris&#39;</span> <span class='ocrx_word' id='word_1_260' title='bbox 301 3638 499 3701; x_wconf 86' lang='lat' dir='ltr'>auctoribus</span> <span class='ocrx_word' id='word_1_261' title='bbox 521 3647 734 3700; x_wconf 90' lang='lat' dir='ltr'>memoratas</span> <span class='ocrx_word' id='word_1_262' title='bbox 756 3638 919 3700; x_wconf 90' lang='lat' dir='ltr'>historias</span> <span class='ocrx_word' id='word_1_263' title='bbox 941 3638 1145 3717; x_wconf 85' lang='lat' dir='ltr'>exposuisse</span> <span class='ocrx_word' id='word_1_264' title='bbox 1171 3638 1256 3700; x_wconf 87' lang='lat' dir='ltr'>satis</span> <span class='ocrx_word' id='word_1_265' title='bbox 1278 3648 1361 3701; x_wconf 87' lang='lat' dir='ltr'>est«.</span> 
     </span>
    </p>

    <p class='ocr_par' dir='ltr' id='par_1_5' title="bbox 174 3745 1362 4145">
     <span class='ocr_line' id='line_1_31' title="bbox 283 3745 1361 3825; baseline -0.001 -17"><span class='ocrx_word' id='word_1_266' title='bbox 283 3746 408 3808; x_wconf 88' lang='lat' dir='ltr'>Restat</span> <span class='ocrx_word' id='word_1_267' title='bbox 427 3755 466 3808; x_wconf 91' lang='lat' dir='ltr'>ut</span> <span class='ocrx_word' id='word_1_268' title='bbox 488 3746 530 3807; x_wconf 92' lang='lat' dir='ltr'>de</span> <span class='ocrx_word' id='word_1_269' title='bbox 545 3745 754 3824; x_wconf 83' lang='lat' dir='ltr'>Asclepiade</span> <span class='ocrx_word' id='word_1_270' title='bbox 769 3763 883 3824; x_wconf 87' lang='lat' dir='ltr'>pauca</span> <span class='ocrx_word' id='word_1_271' title='bbox 898 3746 1077 3808; x_wconf 85' lang='lat' dir='ltr'>addantur.</span> <span class='ocrx_word' id='word_1_272' title='bbox 1103 3746 1190 3808; x_wconf 91' lang='lat' dir='ltr'>Cum</span> <span class='ocrx_word' id='word_1_273' title='bbox 1206 3746 1361 3825; x_wconf 87' lang='lat' dir='ltr'>plerique</span> 
     </span>
     <span class='ocr_line' id='line_1_32' title="bbox 175 3851 1362 3934; baseline -0.001 -17"><span class='ocrx_word' id='word_1_274' title='bbox 175 3853 396 3934; x_wconf 85' lang='lat' dir='ltr'>grammatici</span> <span class='ocrx_word' id='word_1_275' title='bbox 415 3854 452 3914; x_wconf 87' lang='grc' dir='ltr'>τό</span> <span class='ocrx_word' id='word_1_276' title='bbox 475 3851 639 3929; x_wconf 87' lang='grc' dir='ltr'>ἱστορικόν</span> <span class='ocrx_word' id='word_1_277' title='bbox 660 3853 793 3916; x_wconf 88' lang='lat' dir='ltr'>ratione</span> <span class='ocrx_word' id='word_1_278' title='bbox 817 3863 850 3916; x_wconf 91' lang='lat' dir='ltr'>et</span> <span class='ocrx_word' id='word_1_279' title='bbox 871 3854 1035 3916; x_wconf 90' lang='lat' dir='ltr'>methodo</span> <span class='ocrx_word' id='word_1_280' title='bbox 1059 3872 1178 3916; x_wconf 88' lang='lat' dir='ltr'>carere</span> <span class='ocrx_word' id='word_1_281' title='bbox 1194 3854 1362 3916; x_wconf 88' lang='lat' dir='ltr'>dixissent</span> 
     </span>
     <span class='ocr_line' id='line_1_33' title="bbox 174 3959 1362 4042; baseline -0.004 -17"><span class='ocrx_word' id='word_1_282' title='bbox 174 3962 231 4042; x_wconf 81' lang='lat' dir='ltr'>(cf.</span> <span class='ocrx_word' id='word_1_283' title='bbox 253 3961 382 4025; x_wconf 86' lang='lat' dir='ltr'>Sextus</span> <span class='ocrx_word' id='word_1_284' title='bbox 404 3961 421 4040; x_wconf 63' lang='grc' dir='ltr'>ξ</span> <span class='ocrx_word' id='word_1_285' title='bbox 443 3961 524 4037; x_wconf 83' lang='grc'>254),</span> <span class='ocrx_word' id='word_1_286' title='bbox 546 3961 602 4023; x_wconf 89' lang='lat' dir='ltr'>ille</span> <span class='ocrx_word' id='word_1_287' title='bbox 624 3962 799 4024; x_wconf 86' lang='lat' dir='ltr'>contendit</span> <span class='ocrx_word' id='word_1_288' title='bbox 821 3961 852 4041; x_wconf 63' lang='grc' dir='ltr'>(ἓ</span> <span class='ocrx_word' id='word_1_289' title='bbox 873 3963 959 4040; x_wconf 82' lang='grc' dir='ltr'>2όό);</span> <span class='ocrx_word' id='word_1_290' title='bbox 989 3959 1037 4022; x_wconf 88' lang='grc' dir='ltr'>ὅτι</span> <span class='ocrx_word' id='word_1_291' title='bbox 1060 3960 1085 4022; x_wconf 83' lang='grc' dir='ltr'>εἰ</span> <span class='ocrx_word' id='word_1_292' title='bbox 1107 3961 1157 4021; x_wconf 88' lang='grc' dir='ltr'>καὶ</span> <span class='ocrx_word' id='word_1_293' title='bbox 1179 3960 1197 4036; x_wconf 88' lang='grc' dir='ltr'>ἡ</span> <span class='ocrx_word' id='word_1_294' title='bbox 1221 3959 1282 4036; x_wconf 75' lang='grc' dir='ltr'>ὕλη</span> <span class='ocrx_word' id='word_1_295' title='bbox 1305 3964 1362 4035; x_wconf 80' lang='grc' dir='ltr'>τῆς</span> 
     </span>
     <span class='ocr_line' id='line_1_34' title="bbox 174 4063 1362 4145; baseline -0.002 -15"><span class='ocrx_word' id='word_1_296' title='bbox 174 4067 322 4144; x_wconf 83' lang='grc' dir='ltr'>ἱστορίας</span> <span class='ocrx_word' id='word_1_297' title='bbox 354 4068 441 4129; x_wconf 79' lang='grc' dir='ltr'>ἐστὶν</span> <span class='ocrx_word' id='word_1_298' title='bbox 468 4067 638 4144; x_wconf 81' lang='grc' dir='ltr'>ἀρὲθοὸος,</span> <span class='ocrx_word' id='word_1_299' title='bbox 666 4067 684 4143; x_wconf 87' lang='grc' dir='ltr'>ἡ</span> <span class='ocrx_word' id='word_1_300' title='bbox 713 4068 819 4144; x_wconf 80' lang='grc' dir='ltr'>μέντοι</span> <span class='ocrx_word' id='word_1_301' title='bbox 846 4069 948 4145; x_wconf 83' lang='grc' dir='ltr'>κρίσις</span> <span class='ocrx_word' id='word_1_302' title='bbox 973 4070 1091 4144; x_wconf 86' lang='grc' dir='ltr'>ταύτης</span> <span class='ocrx_word' id='word_1_303' title='bbox 1119 4063 1287 4144; x_wconf 78' lang='grc' dir='ltr'>γενήσεται</span> <span class='ocrx_word' id='word_1_304' title='bbox 1316 4087 1362 4128; x_wconf 90' lang='grc' dir='ltr'>τε-</span> 
     </span>
    </p>
   </div>
   <div class='ocr_carea' id='block_1_5' title="bbox 175 4229 1361 4470">
    <p class='ocr_par' dir='ltr' id='par_1_6' title="bbox 175 4229 1361 4470">
     <span class='ocr_line' id='line_1_35' title="bbox 284 4229 1360 4291; baseline -0.002 -14"><span class='ocrx_word' id='word_1_305' title='bbox 284 4229 304 4289; x_wconf 89' lang='lat'>¹)</span> <span class='ocrx_word' id='word_1_306' title='bbox 323 4229 484 4278; x_wconf 89' lang='lat' dir='ltr'>Consensum</span> <span class='ocrx_word' id='word_1_307' title='bbox 506 4229 596 4276; x_wconf 89' lang='lat' dir='ltr'>horum</span> <span class='ocrx_word' id='word_1_308' title='bbox 618 4229 753 4276; x_wconf 85' lang='lat' dir='ltr'>verborum</span> <span class='ocrx_word' id='word_1_309' title='bbox 776 4245 833 4276; x_wconf 90' lang='lat' dir='ltr'>cum</span> <span class='ocrx_word' id='word_1_310' title='bbox 851 4245 872 4276; x_wconf 91' lang='lat' dir='ltr'>c.</span> <span class='ocrx_word' id='word_1_311' title='bbox 890 4229 912 4276; x_wconf 93' lang='lat' dir='ltr'>V</span> <span class='ocrx_word' id='word_1_312' title='bbox 930 4232 944 4291; x_wconf 64' lang='grc' dir='ltr'>ξ</span> <span class='ocrx_word' id='word_1_313' title='bbox 964 4243 989 4277; x_wconf 85' lang='lat'>11</span> <span class='ocrx_word' id='word_1_314' title='bbox 1009 4230 1145 4278; x_wconf 88' lang='lat' dir='ltr'>observes:</span> <span class='ocrx_word' id='word_1_315' title='bbox 1173 4229 1258 4279; x_wconf 67' lang='lat' dir='ltr'>»Scire</span> <span class='ocrx_word' id='word_1_316' title='bbox 1277 4238 1360 4276; x_wconf 87' lang='lat' dir='ltr'>autem</span> 
     </span>
     <span class='ocr_line' id='line_1_36' title="bbox 175 4317 1361 4382; baseline -0.003 -16"><span class='ocrx_word' id='word_1_317' title='bbox 175 4319 254 4366; x_wconf 85' lang='lat' dir='ltr'>debet</span> <span class='ocrx_word' id='word_1_318' title='bbox 278 4333 349 4382; x_wconf 85' lang='lat' dir='ltr'>puer,</span> <span class='ocrx_word' id='word_1_319' title='bbox 374 4317 438 4364; x_wconf 85' lang='lat' dir='ltr'>haec</span> <span class='ocrx_word' id='word_1_320' title='bbox 464 4319 531 4380; x_wconf 88' lang='lat' dir='ltr'>apud</span> <span class='ocrx_word' id='word_1_321' title='bbox 552 4321 691 4382; x_wconf 88' lang='lat' dir='ltr'>scriptores</span> <span class='ocrx_word' id='word_1_322' title='bbox 714 4321 853 4366; x_wconf 88' lang='lat' dir='ltr'>carminum</span> <span class='ocrx_word' id='word_1_323' title='bbox 876 4329 918 4367; x_wconf 90' lang='lat' dir='ltr'>aut</span> <span class='ocrx_word' id='word_1_324' title='bbox 942 4321 1017 4366; x_wconf 86' lang='lat' dir='ltr'>venia</span> <span class='ocrx_word' id='word_1_325' title='bbox 1039 4319 1115 4380; x_wconf 85' lang='lat' dir='ltr'>digna</span> <span class='ocrx_word' id='word_1_326' title='bbox 1133 4329 1176 4366; x_wconf 87' lang='lat' dir='ltr'>aut</span> <span class='ocrx_word' id='word_1_327' title='bbox 1194 4321 1269 4366; x_wconf 86' lang='lat' dir='ltr'>etiam</span> <span class='ocrx_word' id='word_1_328' title='bbox 1288 4317 1361 4364; x_wconf 83' lang='lat' dir='ltr'>laude</span> 
     </span>
     <span class='ocr_line' id='line_1_37' title="bbox 175 4408 1094 4470; baseline -0.001 -14"><span class='ocrx_word' id='word_1_329' title='bbox 175 4409 258 4456; x_wconf 64' lang='lat' dir='ltr'>ducis</span> <span class='ocrx_word' id='word_1_330' title='bbox 293 4408 433 4456; x_wconf 88' lang='lat' dir='ltr'>Auctorem</span> <span class='ocrx_word' id='word_1_331' title='bbox 450 4409 597 4470; x_wconf 88' lang='lat' dir='ltr'>primarium</span> <span class='ocrx_word' id='word_1_332' title='bbox 614 4409 687 4456; x_wconf 86' lang='lat' dir='ltr'>Fabii</span> <span class='ocrx_word' id='word_1_333' title='bbox 704 4408 745 4454; x_wconf 89' lang='lat' dir='ltr'>hic</span> <span class='ocrx_word' id='word_1_334' title='bbox 764 4410 819 4455; x_wconf 88' lang='lat' dir='ltr'>sine</span> <span class='ocrx_word' id='word_1_335' title='bbox 837 4409 914 4456; x_wconf 87' lang='lat' dir='ltr'>dubio</span> <span class='ocrx_word' id='word_1_336' title='bbox 933 4410 1094 4456; x_wconf 85' lang='lat' dir='ltr'>offendimus.</span> 
     </span>
    </p>
   </div>
   <div class='ocr_carea' id='block_1_6' title="bbox 0 0 1597 5066">
    <p class='ocr_par' dir='ltr' id='par_1_7' title="bbox 0 0 1597 5066">
     <span class='ocr_line' id='line_1_38' title="bbox 0 0 1597 5066; baseline 0 0"><span class='ocrx_word' id='word_1_337' title='bbox 0 0 1597 5066; x_wconf 95' lang='lat' dir='ltr'> </span> 
     </span>
    </p>
   </div>
  </div>
 </body>
</html>
