3168 5066
726 421 926 482 -52-

237 626 315 670 cum
331 607 423 672 aliud
437 625 534 685 voce,
551 607 643 670 aliud
656 619 742 671 nutu
756 611 814 670 vel
827 626 932 672 manu
949 583 1234 672 demonstratur«.
1262 609 1319 672 Ad
1333 629 1420 690 quas

237 716 459 795 quaestiones
487 715 615 778 Fabius
646 716 694 778 ita
725 717 913 795 respondet
949 717 995 795 (V
1020 718 1091 796 37):
1132 717 1239 780 »Huic
1270 717 1421 796 opinioni

236 819 348 910 neq'ue
370 823 509 886 omnino
532 824 671 900 acced0,
693 842 806 904 neque
827 807 931 903 plane
952 824 1127 888 dissentio,
1153 826 1244 888 Nam
1257 825 1293 887 id
1306 824 1421 888 fateor

236 931 393 994 accidere
415 949 503 993 voce
518 949 596 1006 una,
619 949 688 994 non
704 941 823 994 tamen
838 931 937 994 aliter
952 949 1057 1011 quam
1072 932 1101 994 si
1116 933 1160 994 sit
1174 932 1310 1013 aliquid,
1327 934 1419 1013 quod

235 1039 306 1102 vim
328 1039 470 1102 alterius
491 1039 588 1101 vocis
615 1039 776 1116 obtineat,
806 1040 851 1102 ad
879 1040 971 1118 quod
998 1058 1070 1102 vox
1091 1041 1149 1102 illa
1170 1040 1351 1116 referatur,
1382 1050 1420 1104 ut

236 1147 462 1210 soloecismus
478 1165 522 1208 ex
544 1149 728 1225 complexu
742 1147 805 1208 fiat
820 1165 948 1223 eorum,
970 1147 1093 1225 quibus
1108 1166 1165 1210 res
1180 1148 1420 1227 significantur

213 1245 215 1258 ’
236 1265 270 1317 et
300 1258 462 1318 voluntas
491 1255 690 1318 ostenditur.
734 1255 851 1334 Atque
871 1264 908 1318 ut
931 1273 1070 1318 omnem
1092 1255 1259 1336 effugiam
1282 1255 1420 1318 cavilla-

235 1363 372 1440 tionem,
388 1361 432 1424 sit
447 1363 631 1446 aliquando
645 1362 680 1424 in
694 1381 763 1425 uno
779 1364 896 1438 verbo,
912 1380 1101 1442 numquam
1115 1363 1150 1424 in
1162 1365 1236 1426 solo
1248 1364 1386 1426 verbo«
1395 1365 1418 1443 ¹)

342 1471 486 1546 Deinde,
515 1481 552 1534 ut
580 1471 615 1534 in
635 1471 842 1533 barbarismi
862 1479 1021 1548 tractatu,
1045 1471 1229 1552 quaeritur,
1251 1489 1314 1550 per
1336 1481 1419 1551 quot

235 1589 269 1640 et
290 1597 377 1658 quas
399 1579 534 1642 accidat
555 1579 690 1658 species
712 1579 939 1640 soloecismus
962 1587 996 1640 et
1010 1579 1075 1654 hic,
1091 1579 1176 1641 utin
1190 1573 1418 1655 barbarismo,

235 1687 297 1749 sed
319 1687 444 1750 clarius
467 1687 554 1750 duos
568 1686 667 1748 Fabii
688 1686 939 1748 dissertationis
953 1686 1069 1749 fontes
1085 1686 1282 1748 discernere
1297 1705 1418 1766 possu-

234 1812 321 1856 mus.
350 1795 449 1856 Alter
470 1793 549 1856 fons
565 1781 596 1872 (ξ
611 1794 663 1872 38)
678 1794 732 1856 his
747 1795 864 1856 verbis
878 1795 1082 1856 illustratur:
1105 1795 1189 1872 »Qui
1203 1795 1414 1874 plenissime,

235 1901 519 1982 quadripertitam
547 1903 668 1963 volunt
696 1919 774 1963 esse
796 1902 975 1980 rationem,
1003 1921 1068 1964 nec
1091 1903 1194 1964 aliam
1216 1920 1321 1981 quam
1341 1903 1419 1964 bar·

233 2010 383 2086 barismi,
416 2018 454 2071 ut
484 2009 547 2071 fiat
580 2009 796 2072 adiectione.
814 2058 819 2070 .
836 2057 857 2086 .,
891 2010 1126 2072 detractione.
1144 2057 1184 2086 ..,
1210 2019 1418 2072 transmuta-

234 2118 344 2180 tione.
359 2167 365 2180 .
379 2144 404 2180 .«
442 2117 574 2194 Quibus
596 2117 729 2179 accedit
755 2117 785 2197 (ἓ
807 2117 859 2196 41)
880 2119 1083 2195 immutatio
1111 2136 1200 2198 quae
1224 2119 1316 2180 »sine
1339 2136 1418 2179 con-

233 2225 405 2287 troversia
434 2233 515 2287 est«.
544 2225 702 2289 Alteram
725 2225 927 2287 soloecismi
955 2226 1093 2302 θεωρίαν
1125 2225 1234 2288 secuti
1255 2233 1418 2288 auctores

234 2335 301 2395 hoc
321 2332 442 2394 vitium
462 2333 497 2394 in
517 2332 755 2394 immutatione
774 2341 908 2397 tantum
923 2334 1113 2396 consistere
1129 2336 1321 2410 voluerunt,
1338 2351 1417 2396 cum

233 2442 299 2503 tria
319 2439 452 2519 reliqua
479 2455 611 2517 genera
632 2457 653 2501 a
675 2439 880 2503 soloecismo
904 2440 1104 2503 diducerent
1126 2441 1156 2519 (ξ
1176 2441 1227 2519 40)
1251 2449 1284 2501 ct
1307 2439 1418 2502 adiec-

233 2549 334 2610 tionis
365 2548 486 2610 vitium
517 2547 736 2624 πλεονασμόν,
769 2548 990 2610 detractionis
1024 2549 1173 2626 ἔλλειψιν,
1210 2548 1418 2610 inversionis

235 2656 450 2732 ἀναστροφήν
472 2665 649 2717 vocarent.
678 2656 873 2719 immutatio
895 2675 958 2738 per
980 2674 1101 2718 omnes
1117 2655 1282 2718 orationis
1298 2663 1417 2735 partes

234 2754 511 2844 deprehenditur,
538 2763 817 2843 frequentissime
842 2765 877 2826 in
909 2766 1027 2842 verbo,
1060 2766 1139 2845 quia
1167 2765 1316 2844 plurima
1336 2765 1417 2827 huic

234 2872 402 2948 accidunt,
424 2871 444 2933 i.
460 2889 488 2933 e.
509 2871 544 2932 in
566 2871 794 2934 declinatione
809 2873 908 2935 verbi
921 2874 978 2934 vel
995 2872 1032 2936 ἐν
1049 2873 1170 2934 κλίσει
1185 2872 1254 2950 thie
1269 2873 1418 2934 eundem

233 2980 374 3056 fontem,
398 2998 501 3060 quem
521 2980 556 3042 in
577 2980 783 3042 barbarismi
803 2990 954 3044 tractatu
976 2982 1013 3060 ἐξ
1039 2982 1155 3043 13-17
1172 2981 1332 3058 eruimus
1352 2999 1418 3044 nos

234 3089 414 3152 offendere
434 3089 624 3168 observes),
643 3089 683 3151 fit
702 3085 819 3152 autem
837 3089 873 3150 in
891 3091 999 3151 verbo
1014 3107 1077 3167 per
1092 3107 1232 3168 genera,
1248 3097 1417 3168 tempora,

233 3217 412 3278 personas
434 3199 558 3261 modos
581 3199 715 3277 (status,
736 3198 942 3278 qualitates),
965 3214 1138 3273 numeros
1162 3197 1285 3259 deinde
1303 3196 1338 3258 in
1357 3215 1418 3259 vo·
1469 3247 1475 3263 .

235 3306 365 3369 cabulis
395 3316 428 3369 et
456 3307 650 3370 nominibus
677 3309 707 3386 (ς
736 3307 851 3386 45146),
879 3305 1025 3385 denique
1052 3305 1087 3368 in
1115 3304 1313 3384 participiis
1341 3322 1418 3383 pro-

234 3413 437 3491 nominibus
467 3414 653 3491 adverbiis,
681 3412 989 3489 coniunctionibuS,
1018 3410 1341 3492 praepositionibus,
1370 3393 1419 3472 in-

235 3523 500 3585 teriectionibus.

342 3631 440 3692 Duas
477 3629 634 3692 diversas
672 3629 809 3705 θεωρίας
844 3629 879 3692 in
910 3628 1106 3691 soloecismi
1138 3635 1289 3690 tractatu
1323 3629 1418 3706 apud

235 3737 379 3799 Fabium
400 3736 549 3816 proferri
568 3736 736 3815 exemplis
751 3737 968 3800 Graecorum
983 3745 1161 3799 auctorum
1179 3735 1325 3798 dilucide
1340 3751 1418 3814 pro-

235 3848 344 3908 batur.
377 3845 587 3908 Conferatur.
606 3844 765 3923 Dionysii
784 3845 929 3906 Thracis
951 3843 1140 3907 scholiasta
1162 3845 1194 3921 (l.
1210 3845 1230 3906 l.
1245 3862 1277 3923 p.
1293 3843 1418 3921 446ιιλῑ

236 3953 304 4014 ἔστι
333 3954 368 4012 δὲ
397 3952 608 4029 σολοικισμὸς
640 3945 808 4029 ἁμάρτημα
839 3952 909 4027 περὶ
940 3953 997 4026 τήν
1031 3952 1180 4014 σύνταξιν
1212 3954 1276 4012 τῶν
1311 3954 1419 4027 μερῶν

235 4061 292 4121 τοῦ
316 4059 414 4133 λόγον
438 4067 471 4120 et
494 4059 611 4137 uun:
638 4058 861 4122 Σολοικίζοοσι
884 4060 919 4119 δὲ
940 4059 1010 4134 περὶ
1031 4047 1120 4133 γένη,Ι
1151 4056 1196 4132 ὡς
1216 4058 1253 4119 τὸ
1275 4057 1317 4139 <Β
1340 4059 1419 4136 742>

240 4179 452 4186 ’.σιω-..-

343 4211 361 4272 ¹)
384 4211 423 4256 Ad
449 4219 537 4256 notum
563 4210 624 4256 illud
648 4211 792 4268 discrimen,
819 4211 888 4272 quod
910 4210 991 4257 Stoici
1015 4210 1081 4256 inter
1102 4210 1135 4261 τὸ
1157 4209 1318 4272 νοούμενον
1341 4219 1366 4258 et
1383 4211 1419 4262 τὸ

236 4301 391 4364 λεγόμενον
409 4292 466 4347 esse
483 4299 623 4357 voluerunt,
645 4300 711 4346 redit
728 4301 829 4350 Fabius.
862 4300 921 4347 Hoc
942 4307 1027 4346 autem
1044 4301 1093 4346 nisi
1111 4301 1137 4347 in
1155 4309 1277 4348 contextu
1294 4300 1419 4348 orationis

236 4406 358 4455 apparere
375 4405 427 4438 non
444 4405 521 4452 posse
539 4390 588 4436 iam
607 4397 682 4437 antea
699 4391 796 4438 dixerat
814 4391 858 4449 (cf.
876 4405 898 4438 c.
915 4390 937 4437 V
955 4393 985 4450 3).
