3168 5066
675 418 877 478 -53..

180 604 321 678 κλυτὸς
345 602 605 679 Ἱπποδάμεια·
627 604 697 680 περὶ
713 603 879 681 ἀριθμούς,
904 603 949 680 ιίις
963 606 1000 666 τὸ
1015 605 1058 676 <Β
1074 606 1153 680 278>
1168 606 1219 682 ὣς
1239 606 1370 684 φάσαν

179 711 200 786 ἡ
222 711 383 786 πληθύς
405 712 475 787 περὶ
494 711 647 786 πτώσεις,
664 709 710 786 ὡς
729 712 766 772 τὸ
785 710 892 785 <Α·24.
913 713 991 786 378>
1010 711 1090 774 ἀλλ’
1115 711 1183 774 οὐκ
1200 711 1369 794 Ἀτρείδη

181 815 437 895 Ἀγαμέμνονι
465 817 606 893 ἥνδανε
635 823 754 900 θυμῷ·
782 820 852 896 περὶ
877 819 991 896 ὄνομα,
1021 817 1067 895 ιίις
1095 818 1122 880 εί
1148 839 1195 894 τις
1214 819 1380 896 χρήσαιτο,

179 929 442 1002 πατρωνυμικοῑς
464 925 532 988 ἀντὶ
554 926 672 1002 κυρίων
694 927 713 1002 ἢ
736 929 806 1002 τοῖς
835 929 961 1002 λοιποῖς
986 927 1024 989 οὐ
1048 927 1128 989 κατὰ
1148 927 1205 989 τὸν
1234 926 1369 1002 τρόπον·

179 1033 253 1108 περὶ
279 1031 377 1110 ῥῆμα,
404 1032 450 1107 ιός
474 1031 501 1094 εί
525 1051 572 1108 τις
597 1033 753 1111 χρήσαιτο
780 1033 916 1108 ἐγκλίσει
943 1034 1011 1096 ἀντὶ
1036 1034 1191 1110 ἐγλίσεως
1215 1034 1234 1109 ἢ
1261 1033 1369 1113 χρόνῳ

182 1140 252 1202 ἀντὶ
274 1140 409 1218 χρόνου·
431 1142 502 1218 περὶ
528 1141 673 1219 μετοχὰς,
702 1140 747 1218 ιός
772 1143 809 1204 τὸ
830 1142 877 1216 <Θ
899 1142 978 1213 307>
1003 1147 1127 1224 καρπῷ
1152 1141 1370 1219 βριθομένη,

181 1248 252 1310 ἀντὶ
272 1251 331 1310 τοῦ
355 1249 506 1326 βρίθεται’
528 1251 599 1326 περὶ
614 1249 727 1327 ἄρθρα,
751 1248 796 1324 ως
812 1249 899 1325 εἴτις
917 1246 1071 1328 χρήσαιτο
1086 1253 1286 1330 προτακτικῷ
1303 1249 1371 1310 ἀντὶ

181 1357 403 1432 ὑποτακτικοῦ,
426 1355 472 1432 υίς
486 1357 523 1419 τὸ
539 1359 577 1437 (Σ
592 1359 664 1437 460)
686 1360 747 1420 καὶ
768 1359 923 1435 θώρηχ’,
946 1357 964 1418 ὃ
986 1359 1058 1434 γάρ
1074 1357 1129 1432 ἦν·
1145 1357 1215 1432 περὶ
1231 1355 1371 1418 ἀντωνυ-

183 1463 266 1542 μίαν,
295 1466 341 1540 ιίις
369 1466 406 1526 τὸ
435 1467 536 1542 <Hes
560 1467 648 1546 Opp.
671 1467 708 1536 2>
738 1469 846 1527 δεῦτε
878 1465 938 1527 Δί’
972 1465 1147 1526 ἐννέπετε
1177 1463 1370 1540 σφέτερον

180 1571 308 1648 πατέρ’
331 1571 571 1648 ὑμνείουσαι·
593 1575 664 1650 περὶ
682 1573 866 1651 προθέσεις,
889 1572 935 1648 τός
957 1572 984 1634 εί
1005 1592 1051 1648 τις
1075 1572 1153 1649 φαίη
1177 1571 1369 1648 κατηγορίαν

181 1677 262 1754 ὑπέρ
284 1697 372 1752 τινος
392 1681 598 1757 γεγραφέναι,
621 1669 696 1743 δέόν
718 1682 798 1742 κατά
818 1699 926 1756 τινοςῂ
941 1682 1012 1757 περὶ
1038 1675 1234 1756 ἐπιρρήματα
1261 1676 1307 1754 ὡς
1332 1679 1369 1739 τὸ

181 1791 220 1861 <η
246 1787 301 1856 13>
322 1787 382 1874 καὶ
409 1786 499 1849 είσω
528 1787 673 1864 δόρπον
696 1789 866 1865 ἐκόσμει,
896 1787 965 1850 ἀντὶ
986 1789 1044 1848 τοῦ
1068 1785 1179 1848 ἐνδον·
1202 1787 1273 1862 περὶ
1295 1799 1369 1859 συγ-

182 1891 316 1968 κρίσεις,
350 1891 396 1968 ιίις
425 1892 451 1954 εί
478 1913 525 1970 τις
552 1895 638 1970 λέγοι
666 1897 886 1972 »δικαιότατος
912 1893 1115 1972 Ἀριστείδης
1143 1891 1369 1968 Περικλέους«,

181 1998 261 2060 δέον
284 1999 381 2061 εἰπεῖν
404 2001 616 2078 δικαιότερος·
631 2004 701 2080 περὶ
724 2002 890 2080 ἐλλείψεις,
912 2000 958 2076 ιὺς
980 2001 1017 2062 τὸ
1031 2002 1166 2080 <Eurip.
1181 2001 1307 2062 Bacch.
1322 2003 1370 2078 5.>

180 2105 335 2183 πάρειμι
357 2107 501 2184 Δίρκης
523 2108 682 2186 νάματα,
705 2109 774 2171 ἀντὶ
794 2113 853 2171 τοῦ
876 2109 920 2184 εἰς
935 2109 1098 2188 Δίρκηςέ).

291 2214 535 2294 Soloecismus,
563 2219 620 2298 qui
646 2216 680 2279 ἐν
705 2213 808 2279 1κλίσει
834 2217 966 2291 accidit,
988 2217 1043 2280 hic
1066 2225 1368 2293 commemoratur,

180 2330 222 2384 ut
243 2323 336 2400 apud
358 2323 603 2400 Quintilianum
626 2324 663 2404 βξ
685 2325 814 2402 att-51,
837 2325 1006 2404 imprimis
1029 2324 1071 2387 ci.
1095 2324 1167 2404 §45
1185 2323 1370 2408 ¹»Similiter

179 2431 217 2494 in
238 2431 418 2494 vocabulis
447 2441 481 2493 et
508 2433 703 2495 nominibus
731 2433 771 2494 fit
799 2433 1026 2496 soloecismus
1048 2449 1187 2512 genere,
1213 2450 1368 2508 numer0,

181 2539 323 2619 proprie
343 2549 459 2602 autem
479 2540 631 2617 casibuS,
652 2540 815 2620 quidquid
834 2559 955 2604 eorum
970 2540 1070 2604 alteri
1084 2539 1256 2602 succedet.
1278 2539 1368 2602 Huic

179 2647 273 2726 parti
294 2646 546 2727 subiungantur
566 2647 646 2710 licet
664 2667 728 2728 per
749 2649 1027 2727 comparationes
1050 2657 1084 2710 et
1105 2647 1367 2727 superlationes,

179 2755 333 2834 itemque
354 2754 390 2816 in
409 2755 532 2834 quibus
547 2755 697 2834 patrium
711 2774 775 2836 pro
790 2756 992 2835 possessivo
1008 2755 1129 2818 dicitur
1144 2757 1201 2816 vel
1216 2764 1365 2817 contra«

291 2862 452 2924 Alterum
478 2862 676 2940 Quintiliani
708 2863 853 2940 iontem,
890 2863 947 2943 qui
982 2872 1144 2942 quattuor
1171 2862 1368 2924 soloecismi

180 2977 302 3048 partes
329 2969 533 3048 praebebat,
562 2970 597 3032 in
625 2969 759 3049 Polybii
787 2972 830 3033 de
854 2971 1070 3034 barbarismo
1097 2980 1130 3033 et
1160 2971 1366 3033 soloecismo

180 3085 334 3140 tractatu
349 3076 396 3156 (in
407 3077 812 3140 LexiciVindobonensis
828 3077 1019 3156 appendice
1034 3097 1066 3157 p.
1075 3078 1146 3157 285)
1158 3078 1365 3140 invenimus:

174 3182 397 3260 σολοικισμὸς
426 3183 512 3244 ἐστιν
541 3183 745 3261 ἡμαρτημένη
775 3185 891 3248 λέξεων
920 3186 1076 3260 σύνθεσις
1097 3186 1185 3262 παρά
1212 3187 1270 3260 τήν
1291 3187 1365 3262 παρ’

182 3289 333 3365 ἑκάστοις
361 3289 545 3365 συνήθειαν.
577 3290 716 3368 ὡσπερεὶ
739 3292 773 3352 δέ
797 3291 814 3352 ὁ
840 3292 1062 3368 βαρβαρισμὸς
1082 3293 1170 3368 παρὰ
1192 3293 1269 3366 τοὺς
1292 3296 1365 3370 βαρ-

181 3396 305 3475 βάρους
333 3396 461 3474 είρηται,
489 3394 576 3458 οἱίτω
603 3400 653 3460 καὶ
680 3399 698 3460 ό
727 3399 939 3476 σολοικισμὸς
963 3400 1051 3475 παρὰ
1075 3401 1153 3474 τοὺς
1177 3399 1364 3475 σολοίκους·

180 3505 315 3582 καὶγὰρ
338 3503 425 3566 οότω
447 3507 530 3581 τινές
556 3506 830 3583 προσηγόρευσαν
851 3508 929 3582 τοὺς
957 3507 1157 3584 βαρβάρους·
1184 3507 1202 3582 ἢ
1227 3508 1306 3568 κατά
1327 3509 1364 3570 τὸ

180 3611 309 3688 ἐτυμον,
333 3612 546 3689 σολοικισμὸς
568 3613 636 3675 ἐστι
659 3616 751 3695 σῴου
778 3613 877 3688 λόγου
905 3613 1061 3691 αἰκισμός,
1087 3613 1204 3688 γίνεται
1227 3615 1262 3675 δέ
1285 3617 1365 3676 κατά
1433 3679 1435 3685 ,

179 3719 324 3796 τρόπους
340 3720 522 3798 τέσσαρας·
539 3721 619 3781 κατὰ
635 3719 774 3782 ἐνδειαν.
788 3770 793 3781 .
807 3769 812 3782 ,
826 3770 831 3781 .
847 3721 926 3782 κατά
938 3720 1164 3798 πλεονασμόν.
1177 3771 1183 3782 .
1196 3771 1201 3782 .
1216 3770 1221 3780 .
1236 3723 1316 3784 κατὰ
1330 3725 1366 3784 δέ

180 3827 393 3906 ἐναλλαγὴνέ)
409 3827 525 3901 γίνεται
542 3829 753 3904 σολοικισμὸς
768 3828 838 3904 ἢτοι
853 3827 931 3890 όταν
948 3829 1045 3905 μέρος
1058 3829 1156 3904 λόγου
1170 3829 1240 3893 ἀνθ’
1254 3831 1364 3908 ἑτέρου

290 3964 307 4024 Ι)
327 3963 399 4026 Quae
417 3970 555 4024 sequuntur
572 3961 640 4024 apud
657 3963 833 4010 scholiastam:
855 3961 919 4025 περὶ
935 3961 1049 4025 τόπους,
1069 3965 1106 4025 ὡς
1125 3963 1150 4015 εἶ
1162 3979 1202 4026 τις
1216 3965 1292 4027 λέγοι
1304 3965 1364 4027 “είς

178 4054 338 4104 παλαιστοῦ
358 4051 518 4116 ἐγενόμην”
536 4051 603 4102 δέον
622 4049 660 4112 είς
672 4047 847 4116 παλαίστραν
866 4053 920 4098 sine
933 4051 1010 4098 dubio
1024 4067 1054 4098 ex
1066 4053 1116 4099 alio
1130 4053 1202 4100 fonte
1212 4054 1365 4116 deprompta

179 4152 246 4202 sunt,
265 4157 322 4190 cum
340 4142 415 4190 aliam
433 4141 555 4205 θεωρίαν
577 4142 727 4188 barbarismi
744 4141 785 4188 hic
803 4141 973 4194 offendamus,
1007 4141 1186 4201 Conferantur,
1204 4145 1225 4190 si
1237 4144 1300 4190 tanti
1318 4153 1364 4202 est,

179 4239 305 4282 tractatus
324 4247 338 4278 a
355 4232 525 4280 Valckenario
544 4231 605 4278 editi
622 4234 657 4292 (p.
678 4241 721 4290 197
739 4234 812 4293 squ).

287 4323 306 4382 ²)
326 4321 567 4370 Commemorantur
584 4329 635 4368 tres
650 4329 748 4368 tantum
764 4320 872 4384 τρόποι,
891 4337 1044 4384 quamquam
1061 4321 1229 4368 soloecismus
1246 4330 1364 4383 quattuor

181 4411 266 4459 modis
289 4411 345 4458 sieri
368 4411 466 4458 dicitur.
500 4411 732 4458 Transmutationis
753 4426 801 4458 nec
823 4411 882 4458 vola
902 4426 951 4459 nec
974 4412 1110 4474 vestigium
1138 4420 1227 4458 exstat.
1265 4411 1317 4459 Sed
1338 4413 1363 4460 in
