3168 5066
637 401 929 512 '⁸32-

241 636 288 699 ὅτι
308 638 386 700 ἑπτὰ
399 639 540 715 πτώσεις
555 638 699 715 ὤφειλον
715 633 803 700 εἶναι.
845 637 914 701 Sed
937 637 1144 716 Quintiliano
1167 638 1233 702 hos
1255 638 1426 718 Astyagis

242 755 275 808 et
296 746 477 825 Philoponi
498 756 643 809 conatus
664 756 766 808 notos
788 765 858 810 non
878 746 986 808 fuisse
1009 755 1141 808 certum
1164 748 1257 826 est.¹)

229 851 237 884 ⁷
343 852 450 916 Nobis
482 853 567 916 satis
596 854 639 916 sit
667 856 731 916 has
761 871 896 933 quoque
925 854 1114 916 sententias
1143 854 1236 932 apud
1267 854 1425 916 Graecos

241 968 336 1022 ortas
359 977 437 1022 esse
460 960 764 1036 demonstravisse,
788 979 809 1024 a
831 961 953 1040 quihus
975 971 1069 1023 certe
1089 970 1210 1024 auctor
1227 961 1425 1039 Quintiliani

240 1054 331 1132 hanc
346 1069 553 1132 sententiam
568 1069 714 1148 accepit:
739 1069 912 1146 »Quaerat
927 1071 1040 1146 etiarn,
1056 1069 1144 1132 sitne
1160 1070 1253 1150 apud
1268 1069 1424 1132 Graecos

239 1176 293 1238 vis
316 1177 487 1255 quaedam
510 1177 599 1238 sexti
621 1194 723 1240 casus
739 1187 772 1239 et
788 1178 880 1256 apud
894 1195 959 1239 nos
981 1195 1117 1258 quoque
1138 1178 1292 1257 septimi«
1317 1177 1347 1256 (ξ
1362 1177 1423 1256 26).

240 1283 356 1346 Multis
389 1284 511 1346 deinde
546 1283 631 1346 locis
669 1273 975 1363 grammaticorum
1011 1286 1213 1364 posterioris
1248 1285 1425 1350 latinitatis

241 1391 364 1454 similia
383 1391 548 1472 legimus
558 1393 582 1471 2)
625 1392 676 1455 Cf.
704 1393 863 1454 Donatus
893 1392 981 1471 (Keil
1007 1393 1064 1455 IV.
1093 1394 1222 1470 manu:
1258 1391 1424 1486 »Quidam

240 1499 426 1562 adsumunt
455 1497 558 1562 eiiam
587 1500 772 1580 septimum
799 1517 928 1575 casum,
958 1499 1015 1579 qui
1036 1509 1089 1562 est
1111 1500 1263 1563 ablativo
1285 1500 1422 1563 similis«

241 1615 276 1668 et
308 1603 497 1670 Diomedes
530 1607 618 1685 (Keil
640 1607 653 1668 I
675 1607 805 1685 atauo:
841 1608 1038 1670 »Hactenus
1071 1609 1112 1670 de
1146 1609 1297 1672 ablativo
1330 1627 1424 1671 casu.

242 1713 405 1794 Cetertun
421 1714 532 1777 abhis
548 1715 687 1793 quidam
702 1715 900 1794 discrepant
915 1716 970 1795 qui
987 1716 1091 1779 etiam
1107 1717 1292 1796 septimum
1304 1734 1424 1780 casum

241 1821 436 1896 adsumunt,
466 1821 523 1900 dui
550 1834 603 1885 est
633 1819 785 1886 ablativo
808 1823 936 1900 similiS,
959 1825 1093 1887 ratione
1116 1835 1233 1888 autem
1254 1844 1323 1888 non
1346 1811 1425 1887 con-

243 1928 351 2007 gruit«
375 1937 409 1990 et
425 1928 603 1992 Charisius
619 1931 708 2008 (Keil
722 1932 736 1992 I
750 1933 859 2010 saal:
885 1933 1078 2012 »Septimus
1093 1951 1196 1995 casus
1212 1942 1265 1995 est
1280 1942 1421 2014 sponte«

243 2047 277 2099 et
305 2037 553 2115 grammaticus
575 2039 727 2102 incertus
750 2039 838 2118 (Keil
860 2041 873 2102 l
895 2041 1024 2116 natal:
1061 2041 1235 2104 »Adicitur
1258 2051 1374 2105 autem
1403 2059 1424 2104 a

242 2145 512 2224 diligentioribus
535 2147 638 2208 etiam
660 2148 827 2227 septimus
850 2167 980 2236 casus«
1018 2151 1092 2212 Hos
1115 2167 1236 2212 omnes
1257 2150 1425 2230 imprimis

230 2253 437 2329 ,Charisium
460 2274 478 2316 e
501 2256 710 2318 Palaemone
738 2257 890 2336 pendere
916 2259 986 2320 iam
1009 2259 1178 2326 Christius
1201 2259 1232 2336 (l.
1254 2260 1274 2320 l.
1297 2277 1329 2338 p.
1356 2258 1425 2336 124)

178 2409 180 2416 ,
242 2362 391 2440 probare
414 2373 559 2427 conatus
582 2373 643 2428 est.

350 2467 582 2534 Substantivis
614 2473 834 2552 pertractatis
863 2475 971 2536 verba
1000 2484 1189 2556 sequuntur
1212 2477 1242 2554 (ξ
1265 2473 1325 2552 27).
1359 2474 1425 2538 Hic

243 2587 405 2657 quattuor
416 2579 622 2655 παρεπόμενα
631 2581 859 2657 Quintilianus
872 2593 1065 2645 enumerat:
1080 2601 1219 2662 genera,
1229 2583 1424 2663 qualitates

242 2703 420 2764 personas
438 2704 610 2750 numeros
641 2689 735 2765 Quas
751 2699 869 2768 partes
885 2707 963 2752 cum
979 2690 1053 2752 aliis
1069 2701 1232 2770 quattuor
1247 2691 1316 2754 iarn
1332 2691 1424 2772 apud

144 2813 151 2820 ·
243 2793 449 2872 Dionysium
472 2795 644 2858 Thracem
672 2797 866 2860 invenimus
889 2797 1015 2876 (Uhlig.
1037 2799 1156 2876 46(th
1186 2797 1367 2875 Παμὲπετοιι
1389 2800 1425 2859 δὲ

242 2905 287 2982 τῷ
318 2899 431 2978 ῥήματι
461 2901 563 2964 ὀκτώ’
594 2903 756 2979 ἐγκλίσεις,
787 2905 956 2979 διαθέσεις,
987 2904 1063 2980 εἴδη,
1098 2906 1254 2982 σχήματα,
1288 2905 1423 2982 ἀριθμοί,

242 3007 413 3086 πρόσωπα,
436 3010 556 3085 χρόνοι,
580 3011 732 3085 συζυγίαι.
773 3012 852 3074 Alia
875 3023 1037 3092 quattuor
1059 3031 1103 3074 an
1126 3013 1204 3074 lons
1228 3013 1425 3092 Quintiliani

242 3115 311 3177 iam
334 3117 496 3193 omiserit,
518 3117 577 3179 vix
600 3118 664 3180 dici
686 3123 841 3198 potest.³)

246 3273 283 3280 ⁷—-

350 3359 370 3418 1λ
385 3360 607 3408 Commemoratur
619 3362 745 3424 Astyages
762 3373 895 3424 praeterea
913 3366 937 3411 in
950 3380 1077 3426 anonymo
1090 3366 1121 3412 de
1134 3368 1306 3426 grammaticis
1317 3375 1426 3414 tractatu

244 3448 310 3509 apud
328 3448 476 3498 Cramerum
499 3451 595 3500 Anecd.
619 3451 689 3498 Paris
707 3452 740 3498 IV
761 3463 810 3513 195,
837 3467 866 3511 24
888 3464 913 3502 et
936 3455 960 3500 in
983 3455 1160 3517 lityrnologico
1179 3457 1282 3504 Orionis
1300 3459 1333 3519 (p.
1356 3457 1428 3518 69‚9

244 3555 267 3574 =
289 3537 338 3596 186,
357 3539 394 3588 26.
413 3538 502 3598 Stura).

349 3645 370 3705 ²)
388 3646 428 3696 Cf.
446 3646 571 3696 claussen
590 3648 604 3694 l.
623 3649 637 3696 l.
655 3665 695 3710 pg,
714 3649 767 3709 378.

350 3752 370 3812 ³)
388 3754 479 3800 Mirum
497 3763 581 3801 tamen
600 3756 705 3812 videtur,
724 3759 791 3818 quod
810 3769 925 3821 tempora
943 3760 983 3806 hic
997 3776 1011 3806 a
1023 3761 1104 3808 Fabio
1121 3763 1276 3818 omittuntur,
1296 3773 1320 3809 et
1337 3764 1426 3810 nescio

244 3856 275 3887 an
298 3841 346 3888 hoc
369 3857 470 3905 quoque
488 3844 545 3890 loco
565 3844 709 3896 Stoicorum
728 3851 866 3896 auctoritas
888 3849 1002 3897 nonnulli
1026 3853 1149 3898 momenti
1172 3852 1253 3908 luerit,
1276 3866 1340 3913 quos
1363 3861 1426 3898 tem·

137 3980 141 3990 ¹
244 3946 307 3992 pora
324 3947 338 3977 a
356 3935 448 3980 ceteris
467 3935 648 3996 grammaticae
666 3938 727 3982 artis
744 3939 859 3998 partibus
878 3941 1018 3986 seiunxisse
1038 3943 1130 3987 scimus
1143 3941 1268 4000 (Schmidt
1288 3943 1301 3992 l,
1315 3942 1329 3989 l.
1341 3959 1364 4004 p.
1377 3943 1425 4004 65).

243 4020 449 4070 Pertractabatur
462 4022 589 4086 ὁχρόνος
603 4040 653 4071 uon
668 4027 691 4072 in
704 4035 758 4073 arte
771 4031 938 4088 gratntrratica
957 4031 1001 4076 scd
1015 4032 1038 4076 iu
1052 4031 1164 4092 physica,
1178 4032 1210 4077 ci.
1221 4031 1288 4083 Sext.
1302 4033 1373 4096 Emp.
1386 4034 1425 4086 ad,

244 4107 343 4170 Physic.
361 4111 388 4158 B.
408 4111 463 4159 218:
488 4111 515 4163 ἐξ
535 4113 568 4163 οὓ
587 4115 673 4177 δῆλον
690 4115 805 4177 γίνεται,
824 4119 866 4168 ὅτι
887 4119 957 4181 πρὸς
981 4124 1021 4182 τῷ
1043 4120 1195 4183 ἀσώματον
1216 4122 1425 4186 ὑπολαμβάνειν

244 4199 295 4250 τὸν
313 4200 418 4263 χρόνον
437 4201 477 4251 ἔτι
498 4202 543 4253 καὶ
562 4201 622 4253 καθ’
642 4204 712 4254 αὑτό
735 4220 761 4254 τι
785 4209 945 4269 νοούμενον
970 4213 1084 4272 πρᾶγμα
1105 4210 1255 4262 δοξάζουσι
1278 4214 1383 4262 τοῦτον
1402 4221 1427 4261 et

245 4289 278 4342 cf.
299 4289 436 4339 Stohaeus:
457 4292 554 4353 Physic.
572 4294 652 4355 eclog.
670 4295 688 4341 l.
707 4312 729 4342 ο,
748 4295 974 4358 80‚40.(Stcinthal.
996 4301 1089 4348 Gesch.
1108 4302 1130 4352 d.
1148 4301 1426 4364 Sprachwissenschait

244 4395 268 4441 t·
290 4391 335 4438 300
356 4387 422 4444 sqq)
