3168 5066
686 395 887 460 ..39-

189 585 343 666 εὐφωνίᾳ
365 585 500 665 dicitur;
522 585 619 650 cuius
639 583 674 648 in
695 601 737 646 eo
757 583 913 646 delectus
936 591 997 659 est,
1019 591 1057 650 ut
1077 583 1167 646 inter
1189 583 1266 660 duo,
1289 600 1379 662 quae

188 695 286 757 idem
314 692 510 772 significant
536 709 578 756 ac
605 691 809 756 tantundem
836 694 967 768 valent,
996 691 1089 771 quod
1117 691 1240 756 melius
1269 701 1380 768 sonet,

189 802 324 872 malis«.
368 801 480 878 Quem
505 802 621 863 locum
645 799 834 880 respiciens
856 799 985 862 Fabius
1006 798 1073 861 alio
1095 801 1172 862 loco
1195 801 1227 878 (l.
1250 799 1329 864 VIII
1352 819 1380 864 c.

190 912 221 986 3,
244 911 296 989 38)
326 909 418 972 dicit:
460 908 663 971 »Translata
687 907 831 988 probari
852 907 924 984 nisi
951 907 987 972 in
1015 917 1180 970 contextu
1208 909 1380 972 sermonIS

190 1037 264 1082 non
285 1011 440 1098 possunt.
483 993 601 1096 Itaoue
629 1016 672 1077 de
697 1015 841 1094 siugulis
870 1015 955 1078 satis
977 1015 1114 1092 dictum,
1144 1033 1233 1095 quae
1254 1025 1292 1078 ut
1313 1016 1381 1080 alio

190 1129 272 1190 loco
293 1125 438 1202 ostendi,
465 1143 527 1204 per
548 1143 586 1186 se
608 1125 738 1188 nullam
759 1124 923 1188 virtutem
944 1124 1104 1188 habent«.
1147 1123 1256 1187 Unius
1277 1123 1382 1202 igitur

190 1233 293 1298 verbi
324 1232 434 1294 virtus
466 1233 541 1294 sola
569 1241 622 1294 est
651 1230 798 1308 εὐφωνίᾳ
825 1233 882 1296 vel
906 1231 1086 1307 vocalitas,
1117 1249 1207 1311 quae
1228 1231 1380 1296 iudicio

191 1341 370 1420 probatur.
411 1339 449 1402 In
476 1341 661 1418 complexu
689 1339 851 1418 loquendi
878 1349 949 1402 tres
977 1339 1123 1402 virtutes
1151 1339 1380 1412 inveniuntur,

190 1448 383 1530 proprium,
415 1447 508 1527 quod
536 1446 681 1510 dilucide
710 1448 882 1527 loquendo
911 1449 959 1526 (τῇ
984 1446 1161 1526 σαφηνείᾳ)
1183 1448 1380 1526 respondet,

193 1565 230 1618 et
258 1555 455 1636 speciosum
483 1564 518 1617 et
546 1556 701 1631 sublime,
731 1573 820 1634 quae
848 1554 985 1618 ornatui
1013 1555 1132 1618 eiusve
1158 1555 1314 1634 partibus
1335 1559 1381 1636 τῷ

192 1663 346 1740 πρέποντι
368 1672 403 1725 et
424 1667 468 1744 τῷ
492 1663 967 1742 μεγαλοπρεπεῑσεεροιιιίεπί.
1285 1645 1287 1650 ⁸

304 1770 462 1834 Conferri
483 1779 598 1850 potest
619 1771 701 1833 illud
717 1770 950 1850 Theophrasti
972 1771 1065 1850 apud
1080 1771 1298 1834 Demetrium
1314 1771 1381 1849 (De

194 1879 389 1956 elocutione
412 1879 429 1958 ἓ
454 1879 536 1957 173):
565 1877 658 1940 Ποιεῑ
681 1880 717 1939 δὲ
739 1878 867 1954 εὔχαριν
889 1880 946 1954 τήν
969 1877 1137 1954 ἑρμηνείαν
1162 1878 1272 1938 καὶτὰ
1295 1878 1382 1951 λεγό-

192 2005 277 2064 μενα
299 1987 381 2047 καλὰ
396 1985 549 2062 ὀνόματα.
573 1985 716 2062 ὡρίσατο
739 1987 767 2046 δ’
784 1985 865 2046 αὐτὰ
886 1983 1107 2061 Θεόφραστος
1124 1984 1245 2060 οὕτως·
1262 1985 1382 2062 κάλλος

195 2093 359 2170 ὀνόματός
380 2093 450 2155 ἐστι
471 2094 508 2154 τὸ
525 2094 612 2170 ,πρὸς
633 2095 691 2169 τήν
715 2093 815 2168 ἀκοὴν
837 2093 856 2168 ἢ
879 2093 961 2169 πρὸς
982 2093 1039 2167 τήν
1064 2092 1142 2170 ὄψιν
1164 2093 1235 2169 ἡδύ,
1258 2093 1329 2167 hri)
1345 2100 1382 2174 τῇ

195 2201 332 2282 διανοίᾳ,
355 2202 490 2278 ἔντιμον.
520 2203 585 2264 Hic
606 2203 643 2264 τὸ
665 2207 701 2281 τῇ
725 2201 851 2278 διανοίᾳ
871 2197 1001 2277 ἔντιμον
1024 2201 1221 2278 Quintiliani
1236 2201 1383 2264 virtutes

192 2309 375 2390 proprium
407 2311 604 2389 speciosum
635 2309 781 2372 sublime
813 2309 887 2372 sine
919 2309 1021 2372 dubio
1052 2309 1203 2386 includit,
1236 2327 1383 2389 quarum

193 2417 299 2480 trium
327 2417 493 2480 virtutum
526 2418 710 2480 diScrimen
731 2417 963 2496 Theophrasti
991 2425 1106 2479 aetate
1134 2417 1288 2480 nondum
1314 2417 1383 2486 lac-

193 2537 270 2588 tum
293 2527 407 2605 erat1)

194 2765 298 2818 vocant,
316 2759 405 2806 vitium
428 2773 479 2806 non
498 2758 529 2806 ad
547 2758 645 2819 singula
662 2757 740 2804 verba
756 2758 874 2820 pertinet,
892 2763 918 2804 ut
936 2765 1005 2802 recte
1023 2756 1103 2802 sensit
1121 2755 1292 2825 Quintilianus
1310 2759 1342 2815 (c.
1361 2756 1382 2802 V

194 2850 248 2910 46):
269 2863 332 2909 »ego
350 2848 438 2897 dubito
456 2863 488 2894 an
506 2847 531 2893 id
548 2849 678 2910 (magnum
696 2846 861 2908 peculiolum)
878 2841 1044 2908 improprium
1060 2846 1145 2908 potius
1158 2843 1292 2907 appellem,
1306 2845 1383 2912 signi-

193 2939 317 2987 ficatione
336 2939 403 2984 enirn
421 2941 543 2988 deerrat«

306 3029 326 3089 ¹)
332 3027 536 3091 Theophrastum
549 3029 600 3074 lam
609 3026 672 3090 περὶ
682 3026 824 3089 εὐφωνίας
835 3027 917 3088 egisse
927 3026 1059 3088 probabile
1070 3035 1116 3072 est.
1128 3024 1194 3072 Nam
1204 3025 1269 3070 hunc
1282 3032 1383 3086 praeter

195 3123 305 3169 virtutes
327 3120 450 3166 orationis
472 3119 550 3165 etiam
572 3118 642 3164 verbi
666 3115 753 3164 laudes
776 3117 893 3178 posuisse
918 3129 993 3178 supra
1010 3115 1127 3162 vidimus.
1160 3115 1203 3176 (cs.
1221 3113 1317 3160 Rabius
1335 3114 1350 3160 l.
1367 3114 1382 3160 ί.

195 3228 220 3274 p.
239 3212 350 3270 43-44).
383 3209 490 3256 Etiamsi
508 3206 655 3270 εὐφωνίαν
678 3209 759 3269 ipsam
780 3208 805 3252 in
827 3204 974 3268 philosophi
995 3205 1145 3267 fragmentis
1163 3220 1214 3251 non
1232 3205 1383 3262 invenImus,

196 3311 285 3349 tamen
298 3299 422 3348 similibus
436 3298 519 3346 verbis
532 3299 564 3346 ad
576 3298 711 3344 verborum
722 3296 936 3358 pulchritudinem
950 3295 1142 3356 significandam
1154 3296 1233 3342 utitur
1251 3294 1295 3356 (cf.
1306 3295 1382 3342 Dion.

196 3391 230 3438 de
250 3403 334 3452 comp.
354 3387 388 3444 16,
408 3391 483 3448 120.):
502 3386 576 3452 Φημί
594 3386 624 3438 δέ
641 3387 693 3438 τὸν
712 3385 886 3449 βουλόμενον
905 3383 1078 3447 ἐργάσασθαι
1096 3384 1169 3436 λέξιν
1188 3383 1275 3447 καλὴν
1294 3381 1323 3434 ἐν
1341 3373 1393 3447 τω

196 3476 363 3531 συντιθέναι
383 3478 433 3540 τὰς
456 3476 565 3540 φωνάς,
588 3479 642 3530 ὅσα
663 3475 841 3536 καλλιλογίαν
864 3474 909 3525 καὶ
926 3474 1169 3538 μεγαλοπρέπειαν
1187 3474 1209 3538 ἢ.
1222 3473 1384 3540 σεμνότητα
1422 3479 1424 3484 ’

196 3566 383 3632 περιείληφεν
402 3553 533 3630 ὀνόματα
551 3565 589 3627 είς
606 3566 693 3618 τοῦτο
711 3565 852 3625 συνάγειν.
871 3563 980 3627 εἴρηται
998 3562 1029 3613 δέ
1046 3578 1110 3613 τινα
1127 3561 1320 3626 περὶτούτων
1339 3537 1399 3614 καίι

197 3657 379 3720 Θεοφράστῳ
396 3659 438 3719 τῷ
456 3655 617 3720 φιλοσόφῳ,
635 3653 802 3717 κοινότερον
815 3653 846 3703 ἐν
861 3655 922 3714 τοῖς
935 3652 998 3714 περὶ
1010 3651 1119 3714 λέξεως,
1133 3652 1202 3702 ἔνθα
1214 3651 1307 3716 δρίζει,
1320 3651 1384 3704 τίνα

197 3745 330 3809 ὀνόματα
358 3744 443 3808 φύσει
469 3745 547 3804 καλά,
638 3742 687 3794 Καί
710 3745 747 3805 μὰ
769 3742 825 3796 Δία
847 3742 898 3794 οὐκ
922 3743 978 3794 ἀπὸ
1003 3744 1111 3792 σκοποῦ
1135 3744 1226 3792 ταῦτα
1243 3746 1284 3806 τῷ
1302 3741 1385 3805 ἀνδρί

197 3835 325 3899 εἴρηται’
339 3833 363 3886 εἰ
380 3833 430 3896 μὲν
444 3833 496 3884 οὖν
509 3832 752 3897 ἐγχωροίηζπάντα
763 3832 836 3884 εἶναι
848 3832 884 3883 τὰ
897 3832 980 3895 μόρια
992 3834 1042 3894 τῆς
1055 3831 1163 3892 λέξεως,
1176 3831 1224 3894 ὑφ’
1238 3832 1279 3884 ὼν
1292 3831 1385 3893 μέλλει

198 3926 357 3989 δηλοῦσθαι
374 3924 406 3974 τὸ
424 3925 546 3986 πρᾶγμα,
570 3923 689 3986 εὔφωνά
714 3937 744 3972 τε
767 3922 813 3973 καί
830 3921 1048 3985 καλλιρρήμονα,
1068 3919 1167 3982 μανίας
1186 3921 1271 3984 ἔργον
1288 3922 1384 3983 ζητεῖν

197 4016 237 4078 τὰ
257 4013 350 4078 χείρω.
374 4015 471 4062 Vocem
489 4013 608 4077 εὔφωνα
626 4029 656 4060 ex
680 4014 759 4074 ipsius
781 4013 954 4074 Theophrasti
976 4013 1041 4058 libro
1059 4012 1238 4074 depromptam
1261 4011 1385 4058 essehoc

197 4109 259 4155 loco
285 4113 398 4168 apparet,
420 4106 481 4152 item
505 4105 583 4150 verba
600 4104 725 4150 Demetrii
744 4103 793 4159 (De
816 4103 961 4150 elocutione
979 4103 993 4164 ἓ
1013 4104 1065 4162 173)
1088 4117 1164 4164 supra
1185 4107 1387 4148 commemorata

197 4212 247 4260 pro
265 4196 415 4244 testimonio
433 4195 475 4241 hic
492 4195 579 4242 asserii
596 4201 712 4256 possunt.
739 4193 840 4240 Deinde
852 4191 964 4240 Lucillus
978 4192 1009 4238 de
1022 4191 1151 4255 εὐφωνίᾳ
1162 4191 1273 4253 loquitur
1285 4190 1336 4249 (lib,
1349 4190 1386 4236 IX

196 4289 263 4349 frag.
286 4297 316 4346 33
337 4285 444 4334 Mueller
465 4285 552 4348 p,138
574 4284 731 4340 Lachmann)
758 4291 823 4330 teste
840 4283 1033 4340 Fortunatiano,
1061 4283 1150 4330 Stoico
1176 4282 1276 4328 rhetore
1304 4279 1347 4340 (lli
1370 4280 1386 4326 6

197 4395 224 4442 p.
240 4376 349 4437 124H.):
369 4375 452 4438 »Quid
468 4376 509 4422 hic
523 4375 589 4421 aliud
602 4375 807 4422 observabimus?
825 4381 851 4420 ut
869 4388 933 4434 quae
952 4373 1029 4420 verba
1047 4373 1129 4434 magis
1143 4371 1260 4418 sonantia
1273 4379 1337 4426 sunt,
1357 4385 1386 4415 ea
