3168 5066
647 461 965 528 -57-1

142 639 235 722 εἶχεν
264 647 282 722 ἡ
310 645 409 722 οὗτος
436 647 525 722 λέξις,
553 647 599 722 ιίις
627 647 645 723 ἡ
675 649 763 724 παρὰ
790 651 860 724 τοῖς
886 648 1154 725 Ἀλεξανδρεῦσιν
1176 649 1337 725 έλήλυθαν

146 754 204 814 καὶ
228 748 442 830 ἀπελήλυθαν.

260 860 353 937 Πλὴν
375 864 508 923 τοιαῦτα
528 864 584 939 μὲν
602 863 709 924 πολλὰ
726 863 810 940 πρὸς
828 864 906 939 τοὺς
921 866 1159 941 γραμματικοὺς
1179 865 1338 943 ἐνδέχεται

146 969 263 1042 λέγειν.
285 968 340 1031 ‘ivo
361 971 396 1030 δὲ
417 971 456 1046 μή
479 972 626 1046 δοκῶμεν
642 969 676 1032 ἐν
690 971 790 1031 πᾶσιν
811 969 997 1047 ἀπορητικοὶ
1015 972 1189 1049 τυγχάνειν,
1213 971 1261 1034 ἐπὶ
1279 972 1337 1047 τήν

145 1075 183 1139 έξ
199 1075 301 1155 ἀρχῆς
315 1077 472 1154 πρόθεσιν
489 1076 732 1155 ἀναδραμόντες
748 1073 900 1155 φήσομεν
917 1078 962 1152 ὡς
978 1076 1063 1155 εἴπερ
1080 1079 1098 1140 ὸ
1116 1080 1338 1156 βαρβαρισμὸς

145 1182 363 1259 παράπτωσίς
390 1183 458 1245 ἐστι
482 1185 571 1262 παρὰ
595 1186 653 1259 τήν
679 1187 790 1260 κοινὴν
818 1183 993 1264 συνήθειαν
1020 1186 1054 1248 έν
1081 1190 1134 1266 μιᾷ
1158 1187 1237 1250 λέξει
1259 1191 1337 1249 θειυ-

149 1291 322 1368 ρούμενος,
345 1291 507 1367 ὡσαόπυς
530 1293 636 1354 δὲκαὶ
659 1292 677 1354 ὁ
702 1294 916 1370 σολοικισμὸς
938 1292 971 1354 έν
993 1296 1132 1369 πολλαῖς
1154 1295 1259 1356 λέξεσι
1280 1296 1338 1369 τήν

146 1397 335 1460 ὑπόστασιν
358 1399 542 1476 λαμβάνων,
564 1401 615 1462 καὶ
635 1374 706 1463 ἔστι
729 1401 893 1478 βάρβαρον
919 1403 975 1476 μὲν
996 1401 1033 1462 τὸ
1055 1402 1201 1478 τράπεσα
1224 1403 1276 1463 διὰ
1298 1402 1336 1463 τὸ

151 1507 193 1582 μὴ
219 1507 360 1581 σύνηθες
382 1501 462 1567 εἶναι
486 1507 523 1568 τὸ
547 1505 645 1584 ῥῆμα,
674 1506 829 1568 σόλοικον
852 1507 945 1568 δὲτὸ
970 1509 1098 1570 »πολλὰ
1118 1503 1339 1585 περιπατήσας

149 1617 248 1694 κοπιᾷ
271 1633 331 1690 μου
346 1614 386 1674 τὸ
409 1615 526 1690 σκέλη<<
551 1615 653 1676 διὰτὸ
670 1616 710 1692 μή
728 1614 877 1688 λέγεσθαι
898 1607 935 1695 τῇ
955 1621 1044 1696 κοινῇ
1069 1615 1238 1696 συνηθείᾳ,
1254 1615 1338 1692 ὡμο-

152 1719 284 1795 λόγηται
307 1718 355 1781 ὅτι
377 1719 395 1794 ἡ
419 1721 475 1796 μὲν
499 1719 724 1795 ἀναλογιστική
748 1720 841 1798 τέχνη
864 1719 969 1797 ὄνομα
990 1721 1084 1784 κενόν
1108 1722 1175 1787 ἐστι
1197 1723 1280 1798 πρὸς
1300 1722 1337 1782 τὸ

151 1827 194 1902 μή
220 1826 418 1904 βαρβαρίζειν
440 1827 459 1902 ἢ
488 1827 687 1904 σολοικίζειν,
715 1829 764 1888 δεῖ
790 1829 826 1888 δέ
851 1829 909 1903 τήν
937 1825 1112 1905 συνήθειαν
1141 1831 1339 1905 παρατηρεῖν

152 1932 419 2014 καὶιάκολούθιιις
441 1932 520 2012 αὐτῇ
543 1933 755 2008 διαλέγεσθαι.
783 1935 808 1996 εἰ
830 1935 969 2011 μὲνγὰρ
993 1935 1265 2012 μετακαθίσαντες
1287 1936 1335 1996 λέ-

150 2059 239 2114 γοιεν
267 2041 489 2120 βαρβαρισμὸν
517 2040 628 2117 ἁπλῶς
652 2041 863 2119 παράπτωσιν
890 2042 924 2104 έν
951 2035 1039 2124 διπλῇΙ
1063 2045 1150 2118 λέξει,
1179 2045 1250 2122 δίχα
1277 2047 1336 2106 τοῦ

140 2153 345 2225 ,προσθεῖναι
366 2149 404 2210 τὸ
424 2151 512 2226 παρὰ
533 2152 591 2226 τήν
607 2152 717 2226 κοινήν
734 2149 918 2227 συνήθειαν,
937 2152 988 2212 καὶ
1005 2151 1217 2227 σολοικισμὸν
1235 2151 1336 2226 παρόι-

150 2271 277 2318 πτυισιν
296 2257 377 2318 κατὰ
395 2258 453 2332 τήν
469 2255 549 2333 ὅλην
566 2258 716 2320 σύνταξιν
735 2259 786 2318 καὶ
801 2257 1036 2332 ἀνακόλουθον,
1051 2259 1149 2336 χωρὶς
1163 2261 1221 2320 τοῦ
1236 2277 1336 2335 παρα-

134 2367 264 2441 ’λαβεῖν
285 2366 322 2426 τὸ
349 2364 521 2441 ἀσύνηθες,
548 2364 567 2439 ἢ
591 2363 699 2442 χεῖρόν
721 2384 749 2426 τι
771 2363 962 2442 κινήσουσιν
984 2364 1113 2440 ἑαυτοῖς
1138 2368 1277 2442 πρᾶγμα.
1300 2367 1340 2426 τὰ

149 2473 213 2547 γὰρ
229 2475 361 2534 τοιαῦτα
373 2473 443 2534 καθ’
456 2470 537 2548 ὅλην
548 2474 606 2548 τήν
619 2474 770 2552 σύνταξιν
782 2473 1027 2536 ἀκολουθοῦντα
1039 2473 1178 2549 ἕξουσιν,
1192 2472 1337 2561 »Ἀθῆναι

150 2581 232 2656 καλή
255 2579 361 2656 πόλις,
385 2580 546 2657 Ὀρέστης
568 2581 647 2656 καλὴ
674 2561 846 2661 τραγῳδία,
869 2580 887 2656 ἡ
913 2582 1012 2658 βουλή
1036 2579 1066 2640 οἱ
1089 2579 1285 2643 ἑξακόσιοκι.
1317 2579 1337 2641 ἃ

150 2684 263 2766 δεήσει
278 2687 512 2762 σολοικισμοὺς
528 2686 638 2760 λέγειν,
654 2686 724 2763 οὐχὶ
740 2687 776 2748 δέ
789 2705 825 2760 γε
844 2688 1048 2763 σολοικισμοὶ
1066 2674 1269 2764 τυγχάνουσι
1286 2688 1338 2748 διὰ

149 2795 188 2856 τὸ
205 2794 355 2870 σύνηθες.
377 2792 437 2853 οὐκ
456 2792 519 2869 ἀρα
534 2794 610 2872 ψιλῇ
633 2798 670 2874 τῇ
694 2792 871 2873 ἀκολουθίᾳ
893 2793 1016 2870 κριτέον
1038 2795 1096 2855 τὸν
1113 2794 1336 2878 σολοικισμόν,

151 2901 238 2964 ἀλλὰ
258 2907 295 2982 τῇ
320 2900 483 2980 συνηθείᾳ.

260 3009 357 3073 Sexti
391 3017 579 3072 tractatum
613 3009 721 3070 multo
761 3008 949 3087 simplicius
981 3026 1086 3088 quam
1118 3009 1216 3072 Fabii
1248 3027 1338 3071 com·

149 3117 303 3196 positum
326 3135 405 3178 esse
428 3115 682 3195 cognoscimus
711 3115 875 3194 Singulae
898 3115 1110 3194 partitiones
1134 3134 1220 3196 quas
1237 3117 1338 3194 Quin-

150 3224 291 3288 tilianus
313 3224 467 3303 praebet,
491 3225 642 3286 omissae
665 3231 753 3299 sunt,
776 3233 810 3284 et
832 3224 1029 3286 soloecismi
1051 3225 1248 3288 dissertatio
1269 3244 1339 3288 una

151 3350 232 3396 cum
258 3331 465 3394 barbarismi
496 3331 696 3394 absolvitur.
756 3330 966 3394 Definitione
999 3331 1145 3394 duorum
1177 3331 1339 3394 vitiorum

152 3439 313 3519 exposita
327 3440 424 3504 Sexti
439 3448 560 3502 auctor
576 3439 713 3518 singula
728 3441 889 3518 exempla
907 3442 1100 3518 protulerat
1122 3441 1152 3518 (β
1167 3440 1224 3501 211
1243 3441 1339 3519 sqq.)‚

150 3535 360 3610 barbarismi
382 3543 541 3624 έλήλυθαν
563 3557 597 3610 et
621 3542 825 3623 ἀπελήλυθαυ
848 3548 878 3625 (β
894 3547 966 3625 213)
989 3557 1023 3609 et
1043 3547 1190 3624 τράπεσα
1212 3548 1242 3626 (β
1257 3546 1339 3624 214).

150 3655 315 3720 Similiter
346 3665 384 3718 ut
416 3657 508 3736 apud
539 3655 699 3733 Fabium,
733 3674 778 3717 an
808 3655 843 3716 in
876 3655 1019 3734 singulis
1052 3672 1188 3734 quoque
1224 3655 1341 3717 verbis

151 3765 264 3846 possit
278 3763 355 3828 fieri
369 3764 606 3837 soloecismus,
620 3763 843 3843 quaesiverat
858 3763 888 3842 (β
904 3763 976 3825 212:
992 3765 1062 3836 πῶς
1076 3761 1220 3838 ἥμαρτον
1243 3761 1340 3823 εἰπὼν

154 3870 298 3945 »miror«
326 3871 466 3947 δείκνυμι
496 3873 531 3931 δὲ
557 3875 703 3944 γυναῖκα,
732 3871 750 3946 ἢ
780 3867 906 3946 »oiim«
938 3869 1078 3946 δείκνυμι
1107 3871 1143 3931 δὲ
1171 3869 1340 3948 νεανίαν;),

152 3978 277 4042 deinde
300 3979 544 4041 soloecismum
563 3980 598 4041 in
613 3978 794 4058 participio
809 3996 872 4057 per
887 3995 990 4040 casus
1005 3977 1082 4039 fieri
1097 3978 1164 4039 hoc
1179 3980 1340 4056 exemplo

152 4087 456 4150 demonstraverat
473 4088 504 4166 (β
517 4087 603 4165 214);
625 4087 731 4148 πολλὰ
749 4081 969 4162 περιπατήσας
989 4088 1084 4164 κοπιᾷ
1100 4104 1161 4161 μου
1177 4083 1216 4144 τὸ
1232 4085 1340 4159 σκέλη.

153 4195 410 4274 Oppugnantur
439 4195 562 4257 deinde
585 4213 606 4258 a
627 4195 735 4258 Sexto
757 4193 985 4273 grammatici,
1008 4192 1121 4272 quiin
1142 4192 1340 4279 definitione
1426 4201 1428 4206 '

151 4303 316 4366 vitiorum
327 4304 437 4366 verba
454 4304 559 4380 »παρὰ
570 4304 628 4378 τὴν
642 4298 834 4378 συνήθειανκ
851 4300 1160 4380 praetermiserunt
1176 4309 1342 4362 ettamen

155 4409 304 4490 σχήματα
325 4413 384 4474 vel
407 4413 622 4488 σχηματοειδῆ
645 4410 680 4473 in
696 4410 853 4472 oratione
868 4409 1021 4490 pedestri
1035 4418 1235 4487 posuerunt,
1252 4425 1340 4486 quae
