3168 5066
685 432 887 494 ..51-

188 619 337 699 Argent.
356 619 465 696 1875«)
488 596 649 682 disseruit
671 627 705 680 et
726 628 835 682 totam
856 619 899 681 de
920 619 1128 682 soloecismo
1151 619 1343 682 doctrinam
1358 638 1380 682 a

189 725 431 806 Peripateticis
446 725 570 789 Stoicis
592 724 754 788 traditam
776 735 811 788 et
826 725 950 788 deinde
967 744 988 788 a
1002 726 1240 806 grammaticis
1261 746 1379 808 recep-

187 844 265 898 tam
284 851 363 898 esse
384 833 502 896 multis
517 831 686 914 exemplis
702 833 883 912 diligenter
897 833 1051 896 collectis
1070 834 1155 896 satis
1170 835 1328 898 ostendit.
1350 836 1379 896 E

190 941 318 1005 Stoicis
340 950 457 1004 autem
471 941 603 1021 primos
617 941 855 1020 Chrysippum
875 951 911 1004 et
933 942 1129 1022 Diogenem
1151 943 1379 1022 Babylonium

190 1048 299 1112 libros
314 1049 357 1110 de
373 1048 580 1110 soloecismo
592 1047 785 1111 coniecisse
799 1049 892 1111 idem
907 1051 951 1128 (p.
966 1050 1015 1128 19)
1027 1049 1287 1114 demonstravit
1303 1051 1380 1113 Hoc

190 1157 297 1236 igitur
325 1173 370 1218 ex
397 1155 494 1218 fonte
522 1156 682 1235 quamvis
703 1158 832 1218 multos
854 1173 917 1235 per
938 1157 1033 1219 rivos
1056 1157 1161 1220 etiam
1182 1157 1381 1234 Quintiliani

189 1265 387 1330 doctrinam
402 1265 588 1326 deductam
603 1281 682 1326 esse
697 1263 884 1328 verisimile
901 1275 964 1327 est.
988 1263 1216 1341 Quintilianus
1231 1265 1380 1344 primum

190 1372 275 1454 quid
290 1372 333 1435 sit
347 1371 576 1434 soloecismus
592 1380 626 1433 et
640 1389 708 1450 quo
724 1371 828 1432 modo
843 1369 907 1432 fiat
923 1372 1064 1450 exponit
1083 1373 1130 1451 (V
1144 1373 1210 1451 ab:
1235 1373 1381 1435 »Cetera

192 1480 278 1542 vitia
304 1477 420 1542 omnia
446 1497 491 1542 ex
516 1478 672 1558 pluribus
698 1477 842 1541 vocibus
865 1487 953 1556 sunt,
977 1497 1123 1558 quorum
1146 1489 1199 1542 est
1220 1480 1381 1542 soloecis-

192 1605 301 1650 mus«.
330 1587 384 1648 Ex
405 1586 560 1665 pluribus
582 1579 685 1665 igitur
700 1586 845 1648 vocibus
863 1585 903 1648 iit
918 1587 1154 1664 soloecismus
1170 1587 1189 1650 i.
1205 1605 1234 1650 e.
1255 1586 1289 1648 έν
1304 1601 1381 1648 συν-

193 1695 283 1757 θέσει
324 1694 441 1755 λέξεων
480 1693 535 1771 (ci.
568 1692 665 1756 Sexti
695 1693 859 1772 Empirici
892 1695 1090 1773 explanatio
1122 1696 1142 1756 l.
1164 1696 1184 1756 l.
1212 1695 1232 1774 ’ἓ
1259 1695 1319 1756 210
1347 1703 1381 1756 et

194 1801 354 1881 Dionysii
380 1799 526 1862 Thracis
553 1800 763 1863 scholiastae
789 1803 845 1863 l.l.
872 1819 904 1880 p.
930 1802 1028 1878 lton,
1055 1802 1173 1880 elbon
1201 1802 1382 1881 oppositus

192 1919 249 1972 est
275 1909 354 1972 huic
380 1909 463 1970 vitio
489 1907 726 1972 barbarismus
748 1907 803 1987 (cf.
825 1909 869 1985 V,
890 1911 932 1987 6),
955 1909 1068 1988 quiin
1090 1909 1233 1989 singulis
1255 1909 1380 1986 verbis,

192 2018 213 2080 i.
236 2035 265 2080 e.
287 2015 322 2078 έν
345 2020 399 2096 μιᾷ
422 2017 510 2092 λέξει,
533 2016 666 2079 accidit.

304 2125 370 2186 Sed
403 2125 445 2186 de
472 2122 670 2186 soloecismi
695 2122 894 2186 definitione
920 2124 1080 2198 diversae
1107 2126 1298 2188 sententiae
1325 2145 1382 2188 ex-

191 2232 365 2308 stiterunt,
392 2247 481 2310 quas
506 2230 604 2293 Fabii
630 2239 753 2292 auctor
777 2230 976 2310 significare
998 2250 1068 2294 non
1090 2233 1213 2310 omisit,
1236 2233 1286 2295 sic
1306 2252 1381 2313 per-

140 2339 142 2346 '
193 2358 283 2420 gens
306 2339 352 2419 (V
371 2340 440 2418 34);
470 2357 700 2420 »quamquam
722 2339 815 2402 circa
836 2340 903 2401 hoc
926 2357 1062 2419 quoque
1084 2340 1297 2420 disputatum
1320 2351 1381 2404 est.

194 2447 285 2512 Nam
308 2448 411 2510 etiam
435 2447 492 2528 qui
513 2449 698 2528 complexu
714 2447 879 2510 orationis
895 2447 1054 2510 accidere
1069 2467 1149 2511 eum
1164 2449 1381 2526 confitentur,

192 2556 276 2636 quia
297 2565 415 2618 tamen
437 2556 537 2618 unius
559 2555 801 2620 emendatione
823 2555 920 2618 verbi
942 2556 1069 2636 corrigi
1090 2558 1209 2635 possit,
1224 2558 1259 2620 in
1273 2561 1381 2621 verbo

192 2681 276 2726 esse
297 2663 418 2743 vitium
439 2681 509 2725 non
531 2663 566 2725 in
587 2681 748 2725 sermone
771 2664 991 2736 contendunt,
1019 2682 1107 2741 curn,
1130 2665 1204 2727 sive
1229 2665 1382 2729 ‘amarae

191 2771 345 2834 corticis’
369 2790 432 2834 seu
456 2771 581 2834 ‘medio
604 2771 743 2834 cortice’
767 2789 831 2850 per
852 2789 963 2850 genus
984 2772 1068 2834 iacit
1083 2773 1328 2837 soloecismum
1341 2811 1383 2819 —

192 2896 343 2959 quorum
378 2889 539 2944 neutrum
576 2879 715 2960 quidem
749 2880 984 2958 reprehendo,
1016 2899 1097 2944 cum
1128 2883 1172 2944 sit
1203 2883 1382 2964 utriusque

194 2986 373 3066 Vergilius
394 2996 526 3063 auctor,
549 2987 612 3049 sed
633 2987 809 3066 fingamus
830 2989 1029 3051 utrumlibet
1051 3009 1119 3052 non
1140 3001 1235 3054 recte
1253 2992 1381 3054 dictum

194 3129 237 3138 ——
251 3094 395 3156 mutatio
417 3094 514 3156 vocis
536 3094 688 3170 alterius
710 3094 745 3156 in
764 3113 832 3174 qua
847 3095 968 3159 vitium
985 3107 1059 3159 erat
1074 3108 1206 3161 rectam
1221 3101 1382 3180 loquendi

131 3265 135 3276 ,
194 3199 367 3264 rationem
398 3201 442 3262 sit
472 3201 658 3278 redditura,
690 3212 727 3265 ut
757 3204 881 3266 ‘amari
903 3205 1051 3268 corticis'
1082 3207 1144 3270 fiat
1172 3211 1229 3270 vel
1256 3209 1382 3272 ‘media

194 3309 368 3372 cortice’«.
391 3309 545 3372 Fuerunt
566 3310 678 3389 igitur,
701 3311 759 3390 qui
780 3329 919 3390 semper
940 3313 974 3374 in
995 3331 1064 3376 una
1085 3333 1173 3377 voce
1186 3315 1263 3378 fieri
1278 3316 1382 3378 etiam

194 3416 443 3480 soloecismum
462 3416 624 3495 dicerent,
644 3426 682 3480 ut
700 3417 734 3479 in
749 3419 816 3480 hoc
838 3419 991 3483 ‘amarae
1013 3422 1160 3485 corticis’
1176 3441 1240 3486 seu
1256 3425 1381 3486 ‘medio

195 3523 352 3587 cortice’.
396 3524 510 3601 Quam
547 3525 754 3588 sententiam
789 3527 918 3590 Fabius
957 3529 1010 3591 his
1046 3527 1162 3593 verbis
1202 3543 1382 3610 oppugnat

195 3632 245 3711 (V
258 3633 325 3712 Sol:
350 3631 470 3709 »Quod
485 3631 691 3696 manifestae
707 3636 900 3699 calumniae
915 3647 982 3701 est:
1004 3649 1164 3702 neutrum
1180 3641 1271 3703 enim
1286 3641 1382 3704 vitio-

195 3755 276 3803 sum
308 3747 361 3802 est
387 3749 599 3818 separatum,
632 3742 695 3804 sed
721 3746 970 3823 compositione
996 3758 1170 3827 peccatur,
1197 3767 1287 3829 quae
1311 3750 1381 3812 iam

195 3847 368 3910 sermonis
401 3857 483 3911 est«.
527 3849 595 3912 Alii
625 3851 883 3930 quaesiverunt,
918 3873 981 3916 »an
1008 3855 1042 3916 in
1071 3855 1216 3936 singulis
1244 3875 1381 3937 quoque

196 3955 313 4019 verbis
335 3956 445 4035 possit
466 3956 543 4018 fieri
564 3957 801 4037 soloecismus,
823 3971 860 4023 ut
876 3962 904 4023 si
919 3980 1025 4024 unum
1040 3963 1116 4043 quis
1131 3965 1176 4026 ad
1191 3981 1229 4026 se
1249 3982 1380 4027 vocans

195 4063 289 4126 dicat
312 4064 451 4126 ‘venite’
476 4073 535 4128 aut
556 4065 585 4126 si
607 4069 725 4144 plures
747 4085 769 4130 a
790 4086 829 4130 se
851 4069 1025 4133 dimittens
1047 4071 1095 4134 ita
1116 4075 1277 4151 loquatur
1301 4072 1378 4134 ‘abi’

197 4182 258 4236 aut
289 4171 461 4235 ‘discede’.
513 4174 586 4235 Nec
618 4193 687 4238 non
720 4193 798 4238 cum
830 4195 1037 4256 responsum
1070 4181 1113 4242 ab
1144 4179 1380 4259 interrogante

197 4279 365 4357 dissentit,
386 4293 423 4344 ut
438 4281 467 4343 si
483 4282 608 4345 dicenti
625 4283 739 4363 ‘quem
755 4285 887 4348 video?
904 4286 953 4350 ita
968 4305 1131 4351 occurras
1149 4289 1249 4368 ‘ego'.
1279 4289 1381 4352 Deni-

197 4407 264 4468 que
290 4388 324 4450 in
347 4399 449 4468 gestu
471 4390 574 4452 etiam
596 4393 749 4454 nonnulli
770 4402 980 4472 putaverunt
1000 4395 1092 4458 idem
1114 4397 1234 4458 vitium
1255 4395 1379 4473 inesse,

1218 4522 1252 4578 4*
