3148 5068
767 450 966 512 „73-

272 641 413 702 obstare
446 639 665 715 crediderim,
698 656 778 700 cum
808 637 864 700 alii
893 636 1025 701 auctori
1058 655 1133 717 cap.
1160 638 1208 702 IV
1234 648 1267 700 et
1292 639 1327 702 V
1352 640 1459 714 1-54,

271 747 329 810 alii
361 765 436 826 cap.
458 731 492 812 V
514 746 635 808 55—72
663 745 823 823 vindicat,
855 763 938 808 nam
965 745 1149 808 Vos-72
1178 745 1351 810 artissime
1380 765 1460 810 cum

271 855 314 918 V.
341 854 418 916 1-4
440 855 637 938 cohaerent.

379 961 549 1042 Equidem
564 961 640 1040 quis
654 960 757 1024 luerit
773 960 970 1038 Quintiliani
985 969 1106 1024 auctor
1121 961 1314 1041 primarius,
1330 963 1460 1024 nescio.

197 1107 199 1128 .
270 1071 518 1132 Palaemonem
542 1069 657 1148 ipsum
679 1086 757 1131 esse
779 1087 849 1132 non
872 1069 986 1146 cred0,
1009 1068 1090 1149 quia
1104 1070 1268 1132 Palaemo
1291 1079 1371 1132 octo
1386 1081 1462 1132 tan·

271 1187 345 1240 tum
373 1185 492 1257 partes
520 1177 685 1240 orationis
712 1177 855 1256 agnovit
877 1195 989 1256 neque
1011 1195 1139 1239 nomen
1160 1177 1203 1240 ab
1226 1177 1461 1256 appellatione

271 1284 428 1348 seiunxit.
454 1285 673 1348 Palaemonis
696 1293 812 1348 autem
834 1283 991 1348 doctrina
1005 1302 1085 1348 eum
1106 1285 1275 1348 imbutum
1297 1303 1376 1348 esse
1397 1303 1463 1348 eur

179 1459 183 1468 ,
270 1409 406 1472 negem,
440 1411 508 1454 non
540 1393 652 1455 video,
696 1392 749 1455 De
779 1391 918 1455 homine
939 1392 1016 1471 ipso
1043 1407 1112 1454 non
1134 1394 1268 1472 labora,
1295 1393 1329 1455 id
1351 1411 1461 1456 unum

270 1500 354 1564 mihi
369 1500 585 1580 propositum
601 1510 684 1577 erat,
707 1508 753 1576 ut,
777 1517 881 1580 quam
897 1507 973 1562 arto
988 1497 1177 1562 vinculo'et
1191 1483 1409 1564 Graecorum
1425 1511 1462 1563 et

270 1607 508 1670 Romanorum
534 1607 689 1668 doctrina
711 1606 940 1687 grammatica
962 1607 1203 1684 contineretur,
1226 1608 1462 1670 ostenderem.

379 1715 435 1777 Ad
450 1715 625 1778 Graecum
639 1715 743 1793 igitur
757 1715 898 1791 fontem,
914 1715 948 1778 id
963 1715 1076 1778 estad
1091 1715 1337 1795 Asclepiadem
1351 1715 1461 1778 redeo

270 1823 498 1901 Myrleanum,
522 1819 629 1884 cuius'
641 1822 818 1898 memoria,
842 1822 923 1884 dum
944 1821 1033 1884 haec
1048 1821 1244 1889 scribebam
1259 1839 1279 1885 a
1294 1822 1461 1885 Brunone

270 1930 396 1994 Albino
419 1930 566 1993 Mueller
594 1929 740 1993 feliciter
771 1929 980 1993 resuscitata
1012 1939 1073 2004 est.
1118 1930 1285 1994 Omnibus
1317 1929 1392 1992 iere
1424 1930 1463 1992 in

269 2039 374 2101 rebus
396 2038 487 2100 idem
508 2055 573 2100 nos
595 2039 747 2101 sensisse
769 2040 888 2115 laetor,
911 2056 1023 2118 neque
1046 2039 1088 2100 de
1103 2039 1225 2117 patria,
1246 2047 1370 2114 aetate,
1386 2037 1463 2101 vita

269 2146 335 2208 viri
366 2144 475 2208 verba
502 2146 585 2209 mihi
613 2146 774 2209 facienda
802 2164 881 2209 esse
909 2155 1002 2226 puto,
1045 2147 1123 2210 Una
1151 2145 1185 2210 in
1213 2164 1250 2208 re
1272 2147 1414 2226 paulum
1440 2165 1463 2208 a

261 2248 438 2316 'Muellero
460 2255 596 2331 reced0,
620 2255 662 2316 de
685 2272 752 2334 qua
774 2254 942 2333 plurimos
963 2253 1051 2316 inter
1073 2271 1111 2316 se
1135 2253 1340 2316 dissensisse
1362 2253 1462 2316 viros

271 2359 393 2424 doctos
431 2362 542 2424 video.
599 2363 688 2424 Nam
720 2363 754 2424 in
788 2362 915 2424 celebri
949 2362 1007 2423 illo
1043 2361 1350 2441 grammaticorum
1385 2379 1462 2423 cer·

270 2469 398 2532 tamine
438 2479 497 2532 aut
523 2470 721 2550 analogiam
756 2469 970 2532 laudantium
1002 2481 1062 2532 aut
1098 2469 1307 2532 anomaliam
1343 2467 1463 2531 defen-

270 2577 432 2654 dentium,
461 2587 550 2657 quae
578 2577 797 2658 Asclepiadis
825 2577 951 2640 fuerint
979 2585 1098 2657 partes
1119 2577 1272 2640 nondum
1294 2587 1459 2640 constare

268 2685 414 2748 videtur.
464 2683 604 2748 Plurimi
632 2685 770 2766 quidem
799 2694 832 2748 et
861 2684 1050 2747 doctissimi
1076 2684 1142 2746 viri
1169 2684 1460 2748 Wachsmuthius

270 2793 357 2871 (»De
381 2792 520 2855 Cratete
542 2793 692 2872 Malloia,
715 2793 854 2872 Lipsiae
873 2792 1108 2872 lampsaci.
1125 2793 1197 2872 im),
1226 2791 1459 2855 Hillscherius

269 2900 415 2981 (»Jahrb.
436 2899 458 2961 i.
482 2902 583 2962 class,
598 2901 716 2962 Philol.
733 2901 908 2979 Supplem.
923 2900 1036 2963 XVIII
1050 2918 1081 2979 p.
1097 2900 1209 2976 382.«),
1227 2899 1459 2963 Susemihlius

269 3008 428 3086 (»Gesch.
452 3007 482 3069 d.
505 3008 633 3086 griech.
649 3009 726 3070 Litt.
749 3009 783 3070 in
806 3010 835 3070 d.
852 3008 1174 3071 Alexandrinerzeit
1188 3007 1216 3070 ΙΙ
1235 3025 1267 3087 p.
1285 3009 1322 3069 15
1337 3011 1458 3088 sqq.«),

268 3115 398 3177 Bollius
421 3115 612 3194 (»Sphaera
626 3133 657 3194 p.
669 3117 762 3194 543«)
784 3117 873 3178 inter
895 3117 1077 3179 Crateteos
1099 3116 1362 3196 anomaliaeque
1383 3115 1457 3178 vin-

268 3222 363 3285 dices
393 3241 472 3286 eum
498 3233 712 3304 receperunt.
757 3225 1012 3287 Dubitaverunt
1033 3224 1199 3286 Lehrsius
1222 3223 1309 3302 (›>De
1335 3223 1457 3286 Ascle-

268 3331 370 3411 piade
392 3332 583 3410 Myrleano
626 3333 815 3394 Herodiani
837 3333 966 3412 scripta
987 3333 1052 3395 tria
1072 3331 1326 3394 emendatiora«
1347 3349 1377 3410 p.
1394 3331 1457 3395 428

268 3441 355 3519 sqq.)
378 3448 411 3502 et
426 3441 603 3502 Usenerus
619 3442 651 3519 (l.
667 3443 686 3502 l.
702 3459 734 3519 p.
749 3441 830 3518 590).
860 3441 1054 3518 Analogiae
1070 3441 1217 3502 eundem
1233 3438 1456 3502 defensorem

267 3539 375 3610 luisse
397 3547 684 3612 Reitzensteinius
700 3548 858 3626 (»Gesch.
876 3548 905 3610 d.
922 3548 1050 3627 griech.
1066 3547 1312 3626 Etymologika
1326 3565 1357 3626 p.
1373 3547 1453 3609 405«

267 3656 301 3717 in
326 3656 437 3720 indice
470 3658 599 3735 rerum)
632 3651 830 3733 affirmauit,
864 3674 942 3720 cum
974 3656 1062 3718 inter
1094 3654 1341 3734 grammaticos
1373 3653 1455 3716 huic

267 3775 384 3826 sectae
408 3764 542 3826 deditos
564 3764 597 3825 in
620 3764 870 3844 orthographia
896 3763 1085 3826 Herodiani
1111 3772 1454 3840 commemoraretur,

267 3859 390 3932 deinde
418 3871 595 3933 Kaibelius
625 3873 656 3949 (l.
679 3874 699 3934 l.
722 3891 754 3951 p.
776 3873 816 3934 25
838 3873 914 3934 adn.
940 3873 967 3946 ll
997 3890 1039 3934 eo
1068 3871 1218 3933 maxime
1246 3879 1454 3949 argumento

267 3979 371 4054 nisus,
394 3980 485 4057 quod
502 3979 678 4041 Cratetem
694 3979 922 4058 Asclepiades
936 3979 1018 4041 furti
1033 3996 1228 4059 coarguens
1242 3978 1299 4039 τὸν
1315 3973 1453 4054 κριτικόν

268 4086 395 4147 acerba
426 4105 504 4148 cum
535 4086 692 4148 irrisione
724 4089 936 4166 appellasset
969 4087 1097 4164 (Athen
1123 4087 1171 4148 XI
1197 4087 1307 4165 490e).
1350 4085 1454 4148 Oblo-

266 4193 381 4272 quitur
402 4194 588 4256 Muellerus
611 4196 642 4272 (l.
659 4196 678 4256 l.
694 4213 726 4273 p.
741 4196 803 4270 50),
826 4194 883 4273 qui
904 4195 1122 4272 Myrleanum
1145 4203 1178 4255 et
1200 4195 1397 4273 analogiam
1417 4206 1454 4257 et

267 4302 475 4363 anomaliam
498 4302 571 4362 sive
595 4302 878 4365 consuetudinem
895 4313 1052 4366 secutum
1067 4301 1220 4364 nonnihil
1236 4302 1451 4378 Aristarch0,

266 4413 367 4506 plura
388 4421 504 4472 tamen
528 4409 657 4472 Crateti
680 4420 824 4489 accepta
846 4410 977 4473 referre
1000 4411 1116 4474 voluit.
