3168 5066
732 429 932 492 -40-

350 618 502 698 Singulis
533 617 716 680 virtutibus
740 617 883 680 totidem
912 617 995 679 vitia
1019 627 1240 698 opponuntur
1262 620 1302 697 (c.
1324 619 1359 682 V
1384 622 1426 700 1);

246 728 406 790 »totidem
428 727 520 803 vitia,
543 743 633 805 quae
655 735 734 788 sunt
756 744 862 806 supra
884 725 983 788 dictis
1004 725 1205 788 contraria«
1223 786 1225 795 ,
1243 726 1342 804 Quae
1363 728 1439 794 vira

242 845 353 898 tutum
375 834 605 913 vitiorumque
627 834 841 914 comparatio
863 833 1100 912 antiquissima
1123 836 1215 912 est.¹)
1257 835 1294 896 In
1315 835 1425 898 lexico

241 943 506 1006 Vindobonensi
537 959 559 1004 a
578 943 735 1006 Nauckio
767 941 858 1004 edito
885 941 1033 1021 legimus
1061 941 1105 1022 (p.
1126 944 1212 1020 295):
1245 941 1339 1019 Τρεῖς
1368 943 1425 1006 οὖν

242 1050 383 1124 γίνονται
405 1049 507 1111 κακίαι
529 1049 600 1125 περὶ
623 1049 740 1122 λὸγον;
765 1048 985 1124 σολοικισμὸς,
1010 1050 1231 1125 βαρβαρισμὸς
1246 1029 1296 1112 καὶ
1311 1050 1425 1127 ἀκυρο-

244 1158 343 1232 λογία.
384 1159 511 1220 Postea
539 1175 704 1220 numerus
732 1156 894 1218 vitiorum
916 1174 994 1219 curn
1016 1156 1198 1219 virtutibus
1220 1167 1343 1220 auctus
1365 1168 1425 1221 est.

243 1265 402 1328 Coniern'
421 1275 537 1346 potest
552 1265 725 1345 appendix
745 1266 790 1328 ad
804 1265 979 1328 Ammonii
998 1265 1041 1326 de
1060 1265 1256 1328 differentia
1270 1264 1425 1329 affinium

242 1369 495 1436 vocabulorum
517 1373 642 1435 librum
663 1390 684 1434 a
704 1371 918 1435 Valkenario
941 1372 1078 1434 editum.
1120 1372 1169 1434 lbi
1190 1373 1235 1452 (p.
1259 1374 1329 1452 193)
1351 1393 1426 1454 pro-

241 1480 364 1543 fertur:
401 1479 466 1542 Τοῦ
491 1480 588 1553 λόγου
618 1478 726 1556 ἀρεταὶ
756 1479 811 1555 μὲν
840 1479 920 1541 εἰσιν
943 1479 989 1542 ἕξ’
1020 1479 1222 1556 ἑλληνισμὸς,
1253 1481 1425 1558 σαφήνεια,

242 1587 436 1664 κυριολογία,
466 1587 631 1662 συντομία,
660 1585 865 1660 εὐσυνβεσία,
894 1586 1071 1663 εὐπρέπεια,
1100 1587 1202 1649 κακίαι
1232 1589 1268 1650 δὲ
1288 1589 1425 1664 ταύταις,

243 1694 450 1772 ἀντικείμενοι
466 1694 587 1771 ὁμοίως
603 1693 653 1757 ἕξῑ
668 1693 898 1772 βαρβαρισμὸς,
920 1694 1074 1772 ἀσάφεια,
1091 1694 1296 1774 ἀκυρολογία,
1310 1715 1425 1774 μακρο-

244 1803 346 1876 λογία,
368 1801 617 1876 κακοσυνθεσία,
641 1802 801 1879 ἀπρέπεια.
1139 1865 1143 1874 .

349 1911 385 1972 In
398 1911 544 1990 singulis
557 1911 673 1972 verbis
685 1911 716 1988 (β
731 1911 762 1989 3)
775 1910 868 1989 apud
877 1909 1023 1972 Fabium
1033 1909 1252 1988 partitionem
1265 1921 1426 1990 quattuor

241 2027 359 2098 partes
382 2021 670 2100 complectentem
692 2017 910 2080 offendimus
949 2017 1039 2080 Nam
1060 2027 1139 2080 sunt
1161 2018 1298 2097 singula
1318 2021 1426 2082 verba

241 2135 301 2187 aut
327 2136 449 2188 nostra
478 2134 537 2188 aut
566 2125 759 2205 peregrina,
787 2134 846 2188 aut
868 2125 1036 2204 simplicia
1064 2133 1123 2187 aut
1145 2125 1346 2204 composita,
1368 2137 1426 2190 aut

242 2233 383 2311 propria
405 2241 464 2295 aut
486 2234 662 2308 translata,
685 2241 744 2294 aut
765 2232 892 2294 usitata
913 2241 973 2294 aut
993 2231 1116 2309 ficta.⁹)

349 2340 385 2403 Si
412 2359 503 2403 nunc
532 2342 623 2402 hunc
651 2349 762 2402 totum
791 2339 988 2417 Quintiliani
1016 2349 1202 2402 tractatum
1231 2360 1310 2404 cum
1331 2341 1426 2405 Sexti

242 2449 466 2528 dispositione
498 2465 751 2528 comparamus
780 2467 944 2529 magnam
972 2448 1204 2512 differentiam
1224 2450 1426 2515 invenimus

240 2557 337 2620 Sexti
369 2567 490 2620 auctor
522 2566 672 2620 tractatu
698 2558 769 2634 περὶ
796 2559 854 2617 τοῦ
884 2556 982 2630 λόγου
1012 2559 1063 2618 καὶ
1090 2561 1155 2618 τῶν
1177 2558 1295 2620 τούτου
1319 2564 1424 2636 μερῶν

240 2666 399 2726 absoluto
422 2667 453 2744 (β
478 2665 557 2744 168),
579 2666 649 2740 περὶ
672 2663 896 2740 ὸρθογραφίας
916 2664 1052 2725 disserit
1067 2666 1098 2742 (β
1116 2666 1286 2745 loa-175)
1302 2659 1425 2730 deinde

239 2773 309 2848 περὶ
322 2759 516 2848 ἑλληνιομοῡ
530 2773 561 2851 (β
577 2772 755 2848 176-247).
773 2771 937 2834 Inseritur
951 2772 1030 2834 huic
1045 2773 1134 2850 parti
1150 2774 1192 2835 de
1207 2774 1424 2838 barbarismo

241 2891 274 2944 et
296 2882 503 2944 soloecismo
534 2859 650 2943 brevis
672 2889 841 2943 tractatus
863 2883 893 2958 (β
914 2881 974 2942 210
996 2883 1092 2961 sqq),
1115 2900 1204 2962 quae
1226 2883 1309 2946 vitia
1330 2893 1425 2946 recte

239 2989 401 3068 loquendi
415 2989 539 3051 rationi
555 2998 783 3068 opponuntur.
807 2989 917 3066 Quem
933 2990 1088 3052 ordinem
1102 3009 1122 3052 a
1134 2991 1230 3052 Fabii
1246 3000 1424 3055 auctorem

239 3098 341 3160 valde
369 3107 539 3161 mutatum
562 3116 640 3160 esse
661 3098 829 3160 videmus,
872 3098 938 3175 Qui
959 3116 1038 3160 cum
1059 3099 1243 3162 discrimen
1262 3101 1442 3179 loquendi·

240 3214 274 3268 et
289 3206 461 3268 scribendi
474 3205 567 3268 initio
587 3207 627 3284 (c.
643 3205 692 3267 IV
706 3205 737 3283 2)
752 3205 822 3268 iam
835 3205 965 3282 lecerit,
982 3207 1025 3269 de
1040 3207 1292 3286 orthographia
1305 3208 1339 3270 in
1354 3207 1423 3272 fine

239 3313 344 3376 totius
360 3315 402 3376 de
419 3314 602 3376 emendate
617 3314 789 3394 loquendo
801 3323 969 3376 tractatus
982 3314 1127 3377 disserit.
1143 3315 1233 3376 Inter
1245 3324 1423 3394 tractatus

240 3421 362 3502 quibus
394 3431 512 3501 partes
545 3421 709 3484 orationis
741 3430 776 3482 et
803 3424 985 3485 emendate
1013 3423 1175 3502 loquendi
1201 3425 1323 3502 regula
1348 3442 1423 3503 per-

239 3537 441 3606 tractantur,
465 3529 532 3590 duo
555 3529 611 3591 alii
631 3529 800 3592 interiecti
822 3539 909 3607 sunt,
931 3549 1029 3607 unuS,
1050 3547 1153 3610 quern
1167 3530 1289 3592 tertiae
1304 3532 1424 3594 Ascle-

241 3634 352 3713 piadis
379 3637 469 3715 parti
493 3637 661 3700 insertum
682 3637 790 3699 fuisse
811 3656 917 3717 supra
939 3638 1255 3704 demonstravimus
1281 3639 1337 3717 (de
1358 3639 1424 3702 vir-

239 3769 325 3830 potius
347 3769 514 3828 collocemus3
538 3787 602 3832 quae
620 3772 732 3818 Lucilius
751 3771 870 3834 εὔφωνοι
888 3773 1021 3834 appellat«
1056 3771 1184 3820 Strillerus
1201 3771 1227 3832 (l.
1246 3772 1260 3818 l.
1278 3787 1302 3834 p.
1319 3775 1424 3834 49-50)

240 3856 304 3902 hanc
327 3857 470 3920 εὐφωνίας
495 3855 637 3907 doctrinam
656 3877 670 3906 a
687 3860 809 3907 Panaetio
828 3859 924 3916 Stoico,
948 3861 986 3908 vel
1005 3861 1122 3922 Diogene
1140 3862 1280 3923 Babylonio
1299 3863 1423 3924 originem

240 3946 342 3994 duxisse
364 3947 474 3994 dilucide
496 3949 621 4011 probavit.
655 3949 757 3996 Stoicos
776 3965 789 3995 e
807 3949 977 4012 Theophrasti
998 3949 1069 3996 libris
1086 3950 1202 3998 hausisse
1220 3949 1357 3998 verisimile
1376 3961 1424 3999 est.

240 4037 327 4099 Itaque
346 4037 417 4085 Fabii
436 4049 565 4086 auctorem
583 4027 632 4087 h'oc
650 4040 715 4098 loco,
733 4040 774 4086 ubi
793 4041 824 4086 de
842 4041 978 4087 vocalitate
997 4041 1055 4102 agit,
1074 4040 1218 4088 Stoicorum
1237 4041 1360 4088 doctrinis
1377 4043 1424 4090 im·

242 4130 327 4174 butum
347 4130 424 4176 luisse
442 4137 531 4176 nostro
550 4130 602 4176 iure
621 4132 761 4177 statuimus.

349 4219 367 4277 ¹)
385 4218 425 4267 Cf.
443 4219 658 4266 Reitzensteinius
677 4221 781 4278 (lVarro
799 4237 820 4268 u.
838 4221 895 4283 Joh.
913 4237 935 4267 v.
953 4220 1075 4266 Euchaita
1092 4235 1115 4282 p.
1133 4223 1198 4280 μοι).

345 4308 365 4370 ²)
383 4310 454 4372 Quae
473 4309 576 4371 partitio
595 4325 670 4370 quam
688 4313 791 4372 antiqua
809 4312 884 4358 suerit
897 4311 1006 4357 sortasse
1024 4311 1070 4356 arti
1088 4310 1287 4372 quadripertitae
1299 4312 1424 4370 subiecta,

242 4401 370 4448 Useucrus
388 4401 403 4448 l.
420 4401 436 4448 l.
453 4416 477 4463 p.
496 4400 540 4460 582
559 4416 613 4461 sqq.
632 4401 807 4446 demonstrare
825 4409 931 4446 conatus
950 4409 995 4446 est.
