3168 5066
574 415 876 477 ,-37..

179 611 275 665 tutes
303 601 473 680 posuisse,
499 611 536 664 ut
564 602 696 680 Latine,
725 613 763 665 ut
780 605 886 681 plane
909 603 1089 682 (dilucide),
1119 613 1156 667 ut
1178 614 1308 682 ornate,
1330 614 1368 668 ut

178 719 265 790 apte
294 709 436 773 dicatur.
480 709 592 786 Quam
619 709 850 791 partitionem,
881 713 910 774 si
938 730 1021 775 cum
1040 713 1246 790 Quintiliano
1277 731 1367 776 corn-

179 835 358 898 paramus,
380 817 460 880 huic
482 826 644 896 quattuor
660 818 837 880 Ciceronis
852 828 970 899 partes
985 821 1079 883 haud
1099 821 1237 900 ignotas
1258 821 1366 884 fuisse

175 925 387 988 invenimus,
429 925 519 988 Nam
541 925 634 988 dicit:
663 927 753 989 »Iam
776 946 854 990 cum
876 928 987 990 omnis
1010 929 1119 990 oratio
1140 938 1212 992 tres
1240 931 1368 992 habeat

180 1033 339 1110 virtutes,
353 1042 398 1095 ut
420 1035 604 1096 emendata
626 1035 784 1114 (Latina),
805 1044 843 1097 ut
858 1035 1006 1098 dilucida
1027 1037 1165 1115 (plana),
1188 1046 1225 1100 ut
1245 1045 1368 1099 ornata

178 1142 228 1204 sit
250 1141 343 1221 (quia
364 1141 478 1204 dicere
501 1150 591 1220 apte,
614 1142 707 1220 quod
728 1151 782 1204 est
802 1141 1037 1228 praecipuum,
1059 1144 1214 1224 plerique
1233 1149 1318 1206 orna
1320 1145 1368 1206 tui

179 1247 397 1323 subiciuntl«.
358 1249 610 1326 )Quartum
632 1250 699 1311 hoc
721 1248 837 1313 dicere
859 1257 939 1329 apte
960 1252 1197 1315 necessarium
1220 1262 1253 1316 et
1241 1253 1368 1315 thaud

179 1357 476 1420 contemnendum
505 1367 581 1420 orat
583 1357 634 1420 ori
662 1375 740 1420 esse
764 1358 1026 1434 Quintilianus
1017 1377 1092 1440 1pse
1118 1361 1184 1422 alio
1207 1363 1284 1422 loco
1313 1361 1368 1423 de-

179 1467 295 1528 clarat
317 1467 455 1546 (vlits,
478 1466 568 1544 42)»
555 1466 637 1546 »Igit
638 1485 679 1528 ur
701 1475 781 1528 ante
803 1467 919 1528 omnia
940 1485 983 1529 ne
1006 1485 1186 1546 speremus
1209 1479 1368 1531 ornatam

180 1573 378 1636 orationem
407 1574 492 1650 fore,
522 1592 611 1653 quae
639 1574 828 1654 probabilis
855 1593 924 1636 non
953 1577 1044 1651 erit,«
1031 1585 1111 1637 «et
1139 1577 1229 1656 (VIII
1255 1577 1283 1653 3,
1305 1577 1367 1655 43)

185 1681 384 1761 »probabile
400 1692 516 1744 autem
526 1681 648 1744 Cicero
662 1682 698 1743 id
712 1700 822 1760 genus
835 1681 924 1760 dicit,
937 1684 1028 1762 quod
1039 1703 1110 1745 non
1120 1685 1198 1762 plus
1209 1683 1368 1746 minusve
1419 1687 1422 1694 '

179 1799 239 1852 est
260 1807 363 1872 quarn
382 1790 514 1851 decet«.
568 1817 570 1820 ·

293 1896 517 1960 Partitionem
538 1897 822 1976 quadripertitam
843 1897 1009 1964 virtutum
1025 1898 1189 1960 orationis
1203 1899 1272 1962 iam
1288 1907 1368 1960 ante

181 2004 373 2084 Chrysippi
394 1987 545 2066 aetatem
567 2005 790 2066 constitutam
812 2022 890 2066 esse
913 2005 1152 2088 demonstrare
1171 2023 1367 2086 possumus

181 2113 275 2175 Nam
295 2112 351 2174 ille
373 2111 509 2174 Stoicus
530 2111 599 2174 iam
621 2112 770 2191 quinque
791 2112 937 2174 vlrtutes
959 2113 1175 2191 (illustrator,
1195 2114 1368 2190 σαφήνεια,

182 2219 353 2295 συντομία,
381 2219 513 2296 πρέπον,
546 2221 737 2294 κατασκευή,
766 2221 784 2282 i.
807 2239 835 2282 e.
862 2205 1115 2300 μεγαλοπρεπές)
1138 2222 1253 2300 posuit
1280 2230 1369 2284 teste

183 2327 346 2405 Diogene
360 2327 499 2388 Laertio
516 2327 591 2405 (VII
605 2329 667 2404 59).
696 2327 825 2390 Addita
841 2338 894 2390 est
909 2346 930 2390 a
944 2327 1068 2391 Stoicis
1079 2329 1250 2406 συντομία,
1265 2347 1370 2409 quam

182 2435 221 2497 hi
242 2434 439 2514 philosophi
459 2435 562 2498 valde
584 2436 779 2512 laudabant.
820 2434 979 2498 Conferri
999 2445 1114 2514 potest
1135 2437 1305 2499 Varronis
1327 2438 1369 2522 de

180 2543 303 2622 lingua
328 2543 454 2604 Latina
480 2543 566 2604 liber
587 2543 665 2606 VIII
687 2544 717 2620 (ξ
739 2543 804 2622 26):
838 2543 979 2606 »Omnis
1008 2545 1117 2606 oratio
1144 2561 1223 2606 cum
1245 2544 1370 2606 debeat

180 2651 285 2730 dirigi
313 2652 358 2713 ad
385 2651 575 2725 utilitatem,
599 2652 643 2713 ad
671 2669 775 2730 quam
803 2663 876 2714 tum
905 2651 1051 2730 denique
1076 2652 1243 2730 pervenit,
1267 2653 1295 2714 si
1317 2661 1370 2714 est

183 2770 307 2840 aperta
323 2771 357 2822 et
371 2759 518 2822 brevis«.
534 2760 640 2823 Stoici
655 2761 852 2839 philosophi
865 2761 1056 2823 doctrinam
1066 2759 1368 2839 (LAeliiStilonis)

182 2869 241 2930 hic
272 2867 421 2947 proferri
451 2868 738 2932 Reitzensteinius
777 2870 787 2945 l
792 2869 924 2931 »Varro
957 2887 987 2930 u.
1017 2869 1094 2950 Joh.
1131 2886 1163 2929 V.
1200 2867 1369 2929 Euchaita

182 2995 216 3056 p.
239 2977 312 3054 52«)
335 2977 595 3054 demonstravit.

291 3083 515 3147 Enumeratio
538 3085 640 3147 trium
656 3084 829 3160 virtutum,
846 3101 950 3162 quam
964 3083 1044 3146 fons
1060 3082 1255 3160 Quintiliani
1271 3084 1368 3162 sequi

180 3192 313 3268 maluit,
336 3192 409 3254 sine
431 3191 533 3254 dubio
554 3193 653 3254 nobis
671 3193 765 3254 illam
779 3191 875 3254 Sexti
890 3192 1132 3271 (Asclepiadis)
1148 3191 1367 3270 partitionem
1408 3171 1410 3180 ¹

180 3300 220 3361 in
238 3299 443 3362 memoriam
464 3310 617 3377 revocat,
640 3319 729 3380 quae
750 3299 865 3362 multis
880 3309 1049 3362 tractatus
1062 3299 1148 3361 locis
1162 3294 1233 3360 tres
1248 3307 1367 3377 partes

180 3407 432 3486 complectitur.
461 3409 673 3470 Mentionem
691 3407 781 3470 facio
797 3408 901 3470 totius
916 3417 1084 3470 tractatus
1099 3407 1202 3468 trium
1217 3406 1367 3486 partium

180 3518 338 3592 τεχνικοῦ,
361 3513 534 3591 ἱστορικοῦ,
557 3515 736 3592 ἰδιαιτὲρου,
760 3535 778 3578 e
801 3516 923 3596 quibus
943 3514 1106 3590 ἱστορικόν
1128 3513 1367 3594 complectitur

181 3633 256 3684 tres
270 3633 349 3702 part
352 3641 399 3699 σε,
416 3621 560 3698 ἱστορίαν
574 3622 687 3700 ἀληθῆ,
700 3626 814 3699 ψευδῆ,
831 3623 876 3698 ως
889 3623 1006 3697 ἀληθῆ·
1022 3625 1079 3696 τῆς
1091 3621 1234 3696 ἀληθοῦς
1245 3639 1366 3684 rursus

182 3743 257 3793 tres
278 3740 396 3810 partes
418 3739 497 3793 sunt
524 3730 580 3808 (cf.
603 3731 728 3809 §253):
751 3731 850 3807 ἡμὲν
872 3731 932 3807 γάρ
955 3730 1022 3792 ἐστι
1043 3731 1113 3805 περὶ
1134 3729 1173 3790 τὰ
1193 3728 1365 3806 πρόσωπα,

177 3939 244 3988 τιῦν
263 3936 415 4000 ὀνομάτων
428 3936 474 3988 καὶ
489 3939 539 4000 τῆς
557 3933 586 3988 ἐκ
602 3936 715 3987 τούτων
734 3935 869 3999 ἁρμονίας
883 3936 998 3986 καὶτῶν
1010 3935 1280 3998 περιλαμβανόντων
1294 3935 1366 3986 αὐτὰ

183 4027 339 4090 σχημάτων
357 4043 379 4078 κ.
398 4043 421 4078 τ.
435 4029 457 4078 λ.
480 4028 616 4074 Praeterea
634 4027 696 4074 alias
714 4037 800 4089 partes
818 4028 967 4085 invenImus,
986 4041 1048 4088 quas
1066 4041 1155 4074 omnes
1165 4027 1262 4074 Rabius
1279 4027 1304 4072 in
1316 4027 1365 4073 fine

181 4117 372 4166 dissertationis
385 4133 445 4165 suae
457 4132 543 4164 eruere
557 4127 663 4164 conatus
677 4126 715 4164 est
735 4119 799 4178 (ραι
813 4119 886 4178 sqq.),
899 4131 1004 4178 quarum
1018 4127 1074 4163 sunt
1090 4118 1195 4164 virtutes
1210 4117 1364 4178 singulorum

180 4209 326 4265 verborum,
339 4207 437 4271 σαφές,
451 4208 545 4268 καλόν,
557 4206 775 4270 μεγαλοπρεπές,
787 4207 849 4270 ἡδὺ,
861 4205 990 4268 πιθανόν,
999 4206 1229 4270 πρέπον,νιτιιιτεε
1241 4207 1364 4254 orationis

180 4297 329 4353 continuae,
348 4296 520 4360 ἑλληνισμός,
539 4296 638 4360 σαφές,
651 4296 803 4358 σύντομον,
815 4296 1033 4359 μεγαλοπρεπές,
1045 4296 1174 4357 πιθανόν,
1187 4296 1303 4359 πρέπον,
1316 4295 1393 4352 vire·
1427 4316 1437 4321 v
1467 4295 1469 4298 '

178 4397 250 4436 tutes
269 4388 463 4450 compositionis
481 4387 542 4450 ἡδύ,
561 4385 656 4447 καλόν,
675 4386 892 4450 μεγαλοπρεπές,
910 4387 1026 4450 πρέπον,
1043 4386 1172 4436 πιθανόν.
