3168 5066
757 406 963 467 „14..

266 594 449 674 quominus
465 612 543 656 eam
560 594 687 657 eSexti
701 593 878 672 farragine
890 611 1118 672 recuperasse
1130 591 1229 656 nobis
1240 593 1450 656 videamur«

266 702 335 766 Sed
355 702 445 764 inter
467 717 517 778 ea,
540 700 664 780 quibus
679 699 886 764 sententiam
901 717 1001 763 suam
1015 701 1166 780 probare
1182 710 1335 779 conatur,
1352 718 1452 780 argu-

266 820 384 872 menta
404 826 511 872 unum
532 807 674 888 profert,
698 808 799 888 quod,
823 808 904 888 quin
925 808 1042 870 statim
1064 808 1222 885 refutem,
1242 808 1360 871 iacere
1381 827 1452 871 non

264 935 419 997 possum.
448 915 538 978 Nam
560 933 639 978 cum
653 916 831 980 Usenerus
854 916 886 994 (l.
902 918 922 977 1.
938 933 970 994 p.
985 915 1059 993 591)
1083 916 1125 978 de
1140 916 1360 996 Asclepiadis
1375 933 1452 995 par-

265 1025 384 1087 titione
405 1025 473 1086 hoc
494 1023 694 1103 protulisset
715 1023 885 1086 iudicium:
900 1060 903 1073 ·
917 1023 1052 1087 »Schon
1072 1023 1107 1086 in
1130 1023 1260 1086 diesem
1280 1024 1449 1104 wenigen,

265 1151 340 1196 was
371 1132 436 1194 wir
464 1149 536 1194 uon
556 1131 799 1210 Asklepiades’
821 1131 964 1194 Auibau
989 1131 1135 1208 kennem
1163 1131 1236 1195 tritt
1263 1132 1338 1194 eine
1369 1132 1451 1195 fest·

265 1249 420 1320 gesetzte
443 1239 664 1319 planmassige
680 1239 898 1318 Dreiteilung
920 1239 1015 1314 offen
1037 1242 1184 1303 hervor«
1199 1289 1205 1303 .
1219 1288 1239 1316 .,
1261 1241 1450 1302 Muellerus

264 1345 345 1407 illud
379 1363 600 1426 exaggerans
631 1346 679 1410 ita
710 1348 829 1408 statuit
861 1348 906 1427 (p.
929 1348 1006 1427 29.):
1052 1347 1316 1426 »Asclepiadem
1347 1347 1451 1426 igitur

265 1454 398 1516 ratione
427 1463 461 1516 et
489 1453 547 1516 via
575 1456 840 1532 grammaticam
869 1455 1011 1535 eiusque
1042 1465 1161 1534 partes
1194 1463 1228 1516 et
1254 1454 1384 1533 primas
1416 1463 1450 1516 et

264 1561 445 1624 inferiores
469 1571 502 1624 et
526 1561 665 1625 infimas
686 1562 914 1641 tripertivisse
936 1562 1159 1626 manifestum
1181 1571 1261 1624 est«

372 1671 591 1748 Myrleanum
622 1669 667 1731 ad
697 1669 936 1732 illustrandam
969 1680 1080 1733 artem
1112 1688 1212 1732 suam
1233 1671 1300 1732 hoc
1328 1669 1449 1732 funda·

264 1787 418 1840 mentum
444 1777 622 1840 divisionis
648 1777 712 1839 sibi
738 1778 887 1856 elegisse
913 1779 1046 1840 auctori
1078 1779 1241 1854 conced0,
1267 1793 1349 1840 nam
1381 1779 1448 1839 hoc

265 1904 308 1948 cx
339 1886 448 1948 tribus
486 1885 642 1964 partibus
681 1887 738 1968 (τῷ
778 1889 919 1967 τεχνικῷ,
951 1890 997 1966 τῷ
1034 1883 1195 1967 ἱστορικῷ,
1227 1889 1272 1966 τῷ
1307 1904 1449 1961 γραμμα-

264 1993 353 2072 τικῷ)
392 1992 645 2072 cognoscimus
678 1993 740 2054 sed
767 1993 1036 2072 haudquaquam
1063 2011 1184 2055 omnes
1210 2002 1329 2072 partes
1362 2001 1448 2055 trac-

264 2109 356 2162 tatus
394 2100 613 2179 grammatici
653 2100 707 2178 (cf.
750 2100 906 2162 Muelleri
941 2119 973 2180 p.
995 2101 1046 2176 30)
1082 2100 1116 2163 in
1151 2101 1280 2163 triades
1316 2099 1448 2162 divisae

264 2217 356 2284 sunt;
385 2207 543 2270 conferre
564 2226 751 2287 possumus
779 2207 946 2286 imprimis
968 2208 1059 2286 apud
1082 2207 1226 2270 Sextum
1249 2207 1265 2286 ἓ
1287 2209 1359 2271 253:
1391 2211 1448 2284 τῆς

265 2315 300 2374 δέ
322 2317 475 2392 ψευδοῦς,
498 2321 644 2377 τουτέστι
665 2317 723 2390 τῆς
740 2317 880 2391 μυθικῆς,
903 2316 943 2376 ἓν
961 2310 1048 2391 εἶδος
1064 2315 1182 2392 μόνον
1198 2315 1350 2394 ὑπάρχειν
1367 2316 1447 2389 λέγει

263 2421 299 2482 τὸ
322 2422 555 2496 γενεαλογικάν.
584 2423 673 2486 Nam
696 2424 862 2486 Muellero
885 2425 978 2485 nullo
1000 2424 1104 2486 modo
1127 2424 1286 2486 assentiri
1300 2443 1445 2502 possum

262 2529 305 2590 de
337 2530 404 2591 hoc
436 2533 512 2592 loco
545 2531 589 2608 (p.
621 2530 672 2608 29)
705 2530 755 2592 sic
787 2531 982 2604 disserenti:
1029 2532 1204 2611 »Denique
1228 2550 1335 2595 unum
1357 2527 1445 2608 εἶδος

261 2636 426 2700 historiae
447 2637 623 2712 fabularis,
645 2638 664 2700 i.
686 2658 714 2700 e.
736 2641 793 2716 τῆς
821 2642 966 2714 ψευδοῦς
988 2638 1141 2716 ἱστορίας,
1167 2650 1227 2716 est,
1244 2641 1335 2702 unde
1360 2639 1444 2702 nihil

262 2746 304 2807 de
325 2746 480 2824 partibus
504 2747 577 2808 eius
599 2747 757 2808 concludi
778 2736 903 2826 p'otest,
927 2765 1005 2809 cum
1027 2749 1198 2811 vocabulo
1221 2746 1336 2822 εἴδους,
1352 2747 1445 2827 quod

261 2855 433 2916 vocabulo
457 2853 574 2930 μέρους
597 2854 807 2917 contrarium
824 2864 885 2931 est,
903 2873 944 2917 ea
960 2856 1207 2932 describantur,
1223 2873 1312 2936 quae
1327 2873 1444 2918 rerum

262 2979 419 3023 summae
451 2980 520 3024 non
550 2963 700 3042 partium
732 2963 873 3042 propria
905 2973 984 3026 sunt
1016 2964 1071 3041 (cf.
1103 2943 1208 3025 schol.
1239 2963 1273 3026 in
1299 2962 1443 3041 Dionys.

262 3069 342 3131 Thr.
364 3087 396 3148 p.
416 3070 480 3132 168.
504 3069 543 3132 20
558 3070 634 3148 H.)«
659 3069 801 3132 Certum
823 3079 876 3132 est
897 3072 964 3132 hoc
985 3073 1062 3132 loco
1084 3070 1348 3150 tripartitionem
1370 3071 1444 3132 sive

262 3176 369 3250 είδους
397 3177 471 3239 sive
494 3177 612 3253 μέρους
633 3196 702 3240 non
725 3187 865 3240 exstare
888 3179 950 3240 sed
971 3178 1010 3238 ἓν
1040 3172 1126 3252 εἶδος
1149 3178 1269 3254 μόνον
1292 3177 1443 3253 ὑπάρχειν

263 3283 343 3356 λέγει
366 3283 398 3362 (ὁ
416 3283 681 3364 Άσκληπιάοης),
704 3295 741 3347 ut
763 3286 902 3348 dubium
925 3304 1003 3348 esse
1021 3305 1091 3348 non
1105 3273 1223 3366 possit,
1240 3286 1321 3366 quin
1335 3287 1445 3348 verba

264 3391 325 3452 »ἓν
356 3415 396 3436 a
425 3391 567 3468 μόνον«
596 3389 756 3472 opposita
785 3393 853 3456 sint
879 3394 988 3456 tribus
1015 3393 1179 3473 partibus
1212 3413 1301 3474 quac
1326 3394 1443 3456 multis

262 3499 336 3560 aliis
365 3499 450 3560 locis
473 3500 556 3561 artis
578 3500 806 3563 inveniuntur.
836 3501 1032 3564 Discrimen
1064 3521 1200 3583 quoque
1227 3501 1443 3578 γραμματικῆς

263 3616 296 3668 ετ
316 3609 586 3682 γραμματιστικῆς
619 3607 777 3686 (duarum
809 3610 971 3687 partium)
1003 3609 1242 3688 Asclepiades
1273 3618 1311 3671 ut
1337 3627 1443 3687 supra

261 3715 419 3791 vidimus
445 3715 535 3777 fecit.
569 3713 728 3778 Confern'
749 3727 933 3795 praeterea
954 3725 1070 3796 potest
1092 3716 1108 3796 ἓ
1134 3718 1198 3788 176,
1221 3716 1278 3778 ubi
1299 3718 1443 3794 regulae

262 3839 370 3900 purae
402 3822 691 3903 incorruptaeque
731 3825 931 3903 graecitatis
964 3833 1177 3886 statuuntur:
1222 3823 1282 3898 ἤδη
1317 3825 1352 3883 δέ
1384 3826 1441 3884 τοῦ

262 3929 457 4006 ἑλληνισμοῦ
481 3931 541 3992 δύο
564 3931 624 3992 εἰσί
647 3930 820 4007 διαφοραί·
834 3931 871 4005 ὃς
894 3933 949 4008 μέν
971 3931 1031 4006 γάρ
1048 3931 1115 3992 ἐστι
1131 3931 1369 4008 κεχωρισμένος
1385 3934 1442 4008 τῆς

262 4038 372 4112 κοινῆς
404 4036 496 4114 ἡμιάν
523 4037 697 4113 συνηθείας
723 4039 773 4098 καὶ
801 4039 880 4098 κατὰ
905 4039 1122 4114 γραμματικὴν
1151 4037 1325 4110 ἀναλογίαν
1353 4041 1441 4101 δοκεῖ

261 4145 460 4222 προκόπτειν,
483 4145 521 4220 ὃς
544 4148 579 4206 δέ
600 4146 679 4206 κατά
700 4147 758 4220 τήν
781 4145 920 4207 ἑκάστου
942 4147 1008 4207 τῶν
1025 4143 1195 4221 Ἑλλήνων
1219 4143 1392 4223 συνήθειαν
1409 4147 1442 4208 ἐκ

261 4255 501 4329 παραπλασμοῦ
524 4255 574 4314 καὶ
594 4256 651 4328 τῆς
674 4253 707 4314 ἐν
729 4257 800 4329 ταῖς
816 4253 951 4329 ὁμιλίαις
967 4249 1226 4329 παρατηρήσεως
1242 4253 1443 4330 ἀναγόμενος

261 4379 326 4424 nec
347 4362 460 4425 minus
482 4361 499 4442 ἓ
519 4362 593 4423 241ε
624 4361 671 4422 Τά
698 4363 734 4422 δέ
759 4361 840 4422 αὐτὰ
867 4362 995 4423 λεκτέον
1021 4361 1103 4436 πρὸς
1130 4360 1249 4436 αὐτοὺς
1281 4363 1331 4422 καὶ
1364 4361 1441 4423 ὅταν

424 4838 834 5014 Δ
