3168 5066
646 433 846 494 ..ὁρῇ

151 623 271 697 νισμού
292 621 364 681 δύο
387 619 468 682 εἰσὶν
491 619 695 697 διαφοραί·
723 620 766 695 ὃς
788 622 854 696 μὲν
868 621 929 698 γάρ
946 621 1014 683 έστι
1029 621 1268 698 κεχωρισμένος
1282 625 1339 697 τῆς

150 731 264 802 κοινῆς
291 725 383 804 ἡμῶν
414 726 588 802 συνηθείας
617 728 668 788 καὶ
696 729 776 788 κατὰ
802 729 1020 805 γραμματικήν
1048 726 1223 802 ἀναλογίαν
1248 731 1339 790 δοκεῖ

150 833 354 911 προκόπτειν,
375 833 414 908 ὃς
437 834 472 894 δέ
494 833 573 894 κατὰ
594 835 652 908 τήν
673 833 812 896 ἑκάστου
827 838 894 896 τῶν
911 833 1083 909 Ἑλλήνων
1107 835 1282 910 συνήθειαν
1305 833 1339 896 ἐκ

152 941 395 1017 παραπλασμοθ
418 941 468 1002 καὶ
487 943 545 1015 τῆς
567 939 600 1001 ἐν
615 944 687 1016 τοῖς
700 939 838 1018 ὁμιλίαις
852 941 1111 1018 παρατηρήσεως
1127 942 1338 1019 ἀναγόμενος.

153 1045 226 1110 οἷον
248 1047 268 1108 6
290 1048 346 1125 μὲν
374 1050 433 1122 τῆς
454 1046 538 1122 Ζεὺς
567 1046 669 1124 ὀρθῆς
697 1049 856 1124 πτώσεως
877 1051 936 1124 τὰς
957 1049 1113 1124 πλαγίους
1136 1049 1338 1126 σχηματίζων

151 1157 211 1217 τοῦ
232 1153 327 1230 Ζεύς,
356 1159 401 1236 τῷ
424 1152 490 1232 zet,
516 1155 573 1215 τὸν
595 1153 662 1215 Ζέα
689 1155 770 1216 κατὰ
795 1155 852 1216 τὸν
880 1155 1039 1233 πρότερον
1060 1159 1119 1217 τοῦ
1143 1156 1339 1233 ἑλληνισμού

153 1265 340 1338 χαρακτῆρα
368 1261 574 1336 διαλέλεκται,
601 1261 621 1322 6
650 1264 687 1323 δὲ
716 1262 851 1340 ἀφελῶς
878 1267 937 1324 τού
959 1263 1068 1340 Ζηνός
1096 1264 1272 1338 λέγωνκαὶ
1293 1271 1338 1346 τῆι

151 1369 233 1446 Ζηνὶ
262 1371 313 1431 καὶ
341 1370 398 1430 τόν
421 1369 512 1444 Ζῆνα
540 1370 620 1430 κατὰ
647 1370 704 1431 τὸν
735 1371 887 1447 δεύτερον
915 1373 967 1432 καὶ
990 1373 1232 1448 συνηθέστερον
1254 1371 1339 1449 ἡμίν.

151 1478 307 1540 Primum
335 1493 447 1558 genus
475 1479 658 1540 emendate
687 1479 849 1558 loquendi
877 1497 956 1541 cum
978 1475 1263 1542 consuetudinem
1282 1497 1339 1542 ne·

151 1589 282 1666 glegat‚
298 1596 460 1648 constare
474 1603 544 1648 non
559 1595 683 1664 potest,
699 1587 793 1666 quod
807 1587 874 1648 hoc
889 1589 1050 1666 exemplo
1067 1587 1337 1650 demonstratur:

150 1695 183 1772 (ξ
219 1695 288 1771 178)
322 1693 433 1770 ὥσπερ
461 1695 523 1770 γὰρ
553 1693 586 1754 έν
615 1693 706 1756 πόλει
734 1694 935 1772 νομίσματος
967 1713 1054 1770 τινος
1085 1697 1339 1772 προχωροῦντος

151 1802 234 1862 κατὰ
253 1802 292 1862 τό
312 1801 471 1878 ἐγχώριον
491 1801 512 1862 ὁ
535 1803 591 1877 μὲν
606 1803 711 1883 τούτῳ
735 1807 875 1879 στοιχῶν
891 1799 1025 1864 δύναται
1036 1787 1090 1864 1καὶ
1105 1803 1163 1878 τάς
1184 1803 1220 1863 έν
1236 1802 1337 1878 ἐκείνη

150 1915 188 1988 τῆ
217 1909 309 1970 πόλει
339 1910 533 1984 διεξαγωγάς
560 1909 834 1986 ἀπαραιτοδίστως
859 1914 1031 1984 ποιεῖσθαι,
1059 1909 1077 1972 δ
1104 1911 1141 1971 δέ
1162 1913 1258 1972 τοῦτο
1280 1912 1337 1987 μέν

150 2017 192 2093 μή
216 2017 492 2094 παραδεχόμενος,
516 2015 597 2078 ἀλλο
620 2017 655 2078 δέ
676 2035 704 2078 τι
720 2017 830 2096 καινὸν
847 2017 1029 2094 χαράσσων
1046 2018 1150 2100 ἑαυτῷ
1165 2019 1217 2080 καὶ
1231 2019 1337 2098 τούτῳ

150 2122 403 2200 νομιστεύεσθαι
423 2123 531 2185 θέλων
546 2107 681 2200 μάταιος
696 2124 904 2201 καθέστηκεν,
920 2121 1007 2186 οὕτω
1031 2125 1089 2186 κάν
1111 2129 1156 2208 τῷ
1181 2125 1237 2206 βίιμ
1260 2123 1336 2200 όμή

151 2229 355 2309 βουλόμενος
377 2236 413 2311 τῆ
433 2231 586 2305 συνήθως
600 2231 849 2312 παραδεχθείσῃ,
865 2231 1007 2308 καθάπερ
1029 2231 1210 2308 νομίσματι,
1231 2229 1339 2311 ὁμιλίᾳ

152 2339 407 2408 κατακολουθεῖν
420 2337 500 2404 ,ἀλλ’
524 2337 606 2399 ἰδίαν
629 2337 717 2418 αύτῷ
738 2339 861 2414 τέμνειν
884 2338 998 2416 μανίας
1019 2339 1114 2413 ἐγγύς
1135 2337 1231 2400 ἐστιν.
1260 2341 1338 2402 Una

151 2445 257 2525 igitur
277 2445 508 2523 :grammatico
530 2445 732 2524 relinquitur
754 2446 821 2522 via,
840 2455 878 2508 ut
893 2464 938 2508 ex
953 2446 1104 2508 omnium
1119 2445 1338 2509 Graecorum

153 2552 310 2616 dialectis
333 2553 543 2632 (συνηθείαις)
561 2571 622 2616 eas
638 2554 743 2632 eligat
757 2555 945 2616 verborum
960 2555 1101 2630 formas,
1118 2573 1207 2634 quae
1224 2555 1337 2634 aliquo

153 2671 272 2724 tamen
299 2661 403 2722 modo
433 2661 616 2740 analogiae
644 2663 893 2741 respondeant,
923 2679 1121 2742 novumque
1147 2663 1226 2724 inde
1259 2675 1338 2726 con-

153 2769 273 2832 stituat
306 2768 511 2846 ἐλληνισμόν.
564 2771 670 2833 Velut
699 2771 781 2846 Διός
809 2771 972 2850 genetivo
1000 2789 1070 2832 non
1099 2779 1227 2847 utetur,
1257 2788 1338 2850 quo-

152 2877 246 2940 niam
279 2877 461 2957 analogiae
493 2881 597 2957 plane
628 2887 814 2958 repugnat,
848 2875 956 2954 Ζηνός
988 2878 1139 2941 formam
1168 2879 1336 2954 adsumet,

153 3003 242 3065 quae
267 3003 386 3075 ‘neque
417 3002 438 3048 a
466 2986 715 3049 consuetudine
747 3004 859 3068 neque
893 2987 936 3048 ab
969 2987 1131 3066 analogia
1164 2987 1337 3048 abhorret.

152 3094 337 3156 Errantem
362 3093 467 3172 igitur
494 3095 778 3157 consuetudinem
808 3113 852 3156 ex
880 3103 977 3156 recta
1005 3095 1164 3174 corriget.
1213 3095 1337 3157 Utrum
1395 3137 1398 3149 .

153 3212 269 3264 autem
292 3209 384 3262 erret
403 3219 524 3277 necne,
547 3219 591 3264 ex
613 3202 776 3281 analogia
791 3200 997 3264 diiudicabit.
1024 3203 1125 3264 Hanc
1140 3201 1338 3281 grammati-

152 3325 273 3372 corum
289 3309 482 3372 doctrinam
491 3309 620 3372 Sextus
635 3309 825 3388 impugnat.
847 3309 908 3385 Ea,
924 3327 1014 3388 quae
1030 3327 1074 3370 ex
1088 3309 1336 3370 consuetudine

151 3415 314 3493 nascitur,
336 3417 499 3495 analogia
519 3417 597 3496 ipsa
618 3417 876 3480 consuetudinis
897 3433 1022 3479 norma
1037 3416 1113 3480 fieri
1127 3433 1197 3478 non
1212 3423 1336 3496 potest,

151 3532 185 3585 et
205 3523 237 3585 si
257 3523 413 3586 utilitatis
435 3541 542 3586 causa
565 3525 779 3588 consuetudo
801 3525 1021 3604 neglegenda
1042 3531 1196 3599 nonest,
1219 3538 1337 3602 super-

150 3631 224 3693 flua
246 3639 300 3692 est
322 3630 493 3710 analogia.
528 3642 530 3648 ’

258 3734 312 3796 Ex
341 3736 453 3814 prima
481 3734 698 3798 refutationis
727 3745 827 3815 parte
857 3736 907 3816 (§§
932 3737 1102 3814 176-196)
1131 3737 1177 3798 ad
1204 3737 1337 3800 fontem

150 3841 418 3920 grammaticum
449 3860 518 3904 non
550 3843 709 3920 redeunt,
740 3843 806 3906 nisi
838 3845 927 3906 duae
960 3845 1143 3906 emendate
1174 3847 1338 3925 loquendi

150 3948 369 4012 delirutiones
398 3950 449 4028 (ἐξ
480 3951 651 4028 tro—178)
682 3961 715 4012 et
742 3953 852 4013 verba
880 3953 1021 4030 (§194):
1055 3952 1164 4029 διόπερ
1195 3953 1337 4014 eliruli)

150 4056 346 4145 ἑλληνισμδς
375 4057 426 4117 διὰ
457 4058 516 4118 δύο
541 4058 678 4135 μάλιστα
699 4060 928 4135 προηγούμενα
950 4058 1060 4136 έτυχεν
1081 4059 1257 4138 ἀποδοχῆς,
1278 4060 1336 4134 τήν

148 4183 182 4225 τε
207 4164 395 4240 σαφήνειαν
416 4165 466 4226 καὶ
492 4166 550 4240 τήν
571 4166 770 4242 προσήνειαν
792 4169 857 4226 τῶν
880 4166 1090 4242 δηλουμένων
1113 4166 1253 4246 (τούτοις
1273 4168 1334 4242 γάρ

150 4271 268 4335 ἔξωθεν
291 4271 357 4334 κατ’
375 4273 634 4348 ἐπακολούθησιν
652 4275 856 4336 συνέζευκται
870 4275 907 4335 τὸ
923 4279 1152 4354 μεταφορικῶς
1167 4278 1217 4337 καὶ
1233 4275 1334 4351 ἐμφα-

148 4385 243 4458 τικάις
265 4383 316 4443 καὶ
338 4382 418 4442 κατὰ
439 4383 516 4457 τοὺς
539 4381 659 4458 ἄλλους
681 4383 827 4459 πρόπους
850 4383 1008 4463 φράζειν).
1037 4385 1091 4446 Ex
1111 4387 1221 4446 altera
1235 4394 1334 4463 parte
