3168 5066
762 406 964 467 -44„.

272 597 357 658 libro
380 595 410 675 (ξ
432 595 477 674 2l:
503 594 631 656 »Huius
653 593 703 655 rei
724 605 845 656 auctor
867 595 951 657 satis
973 595 1056 658 mihi
1071 596 1289 676 Chrysippus
1312 605 1347 660 et
1360 597 1457 660 Anti-

271 713 370 784 pater
392 713 427 765 et
447 703 502 776 illi,
523 702 558 764 in
580 701 712 781 quibus,
734 701 763 763 si
783 721 853 764 non
873 711 1007 765 tantum
1029 705 1206 782 acuminis
1227 714 1262 768 at
1276 708 1356 785 plus
1371 707 1456 769 litte-

271 829 398 885 rarum,
426 811 461 872 in
489 828 556 890 quo
580 819 633 872 est
653 809 908 890 Aristophanes
931 819 965 872 et
985 811 1232 890 Apollodorus
1254 813 1312 892 qui
1334 832 1456 876 onmes

270 922 381 1000 verba
402 937 446 981 ex
467 918 584 980 verbis
605 919 653 980 ita
675 917 839 980 declinari
861 918 1021 990 scribunt,
1044 929 1081 980 ut
1102 921 1212 981 verba
1233 920 1367 983 litteras
1390 922 1457 984 alia

272 1036 461 1104 assumant,
491 1026 559 1088 alia
580 1026 725 1100 mittant,
755 1027 823 1088 alia
844 1031 1064 1102 commutent,
1092 1035 1130 1089 ut
1151 1027 1190 1088 fit
1211 1027 1247 1090 in
1267 1029 1395 1106 Turd0,
1421 1030 1455 1092 in

272 1135 452 1211 TurdariO,
474 1125 509 1198 in
529 1135 715 1212 Turdelis«
764 1134 830 1196 Hic
857 1134 960 1212 igitur
987 1143 1059 1195 tres
1087 1118 1206 1212 partes
1235 1135 1455 1213 offendimus,

272 1243 395 1322 quibus
428 1253 552 1322 quarta
584 1243 657 1304 sine
689 1243 793 1304 dubio
825 1250 948 1320 postea
980 1241 1117 1304 adiecta
1149 1251 1211 1304 est.
1253 1243 1455 1324 Respondet

271 1353 352 1414 huic
373 1352 544 1417 Varronis
566 1354 642 1414 loeo
665 1351 825 1430 antiquus
847 1351 890 1412 de
912 1349 1128 1412 barbarismo
1150 1360 1330 1428 tractatus
1353 1371 1455 1432 quem

271 1461 526 1524 Valckenarius
548 1459 697 1538 primum
712 1458 897 1520 Ammonio
920 1459 1093 1521 subiunxit
1115 1460 1159 1537 (p.
1178 1460 1263 1538 191);
1289 1459 1456 1522 livoniae

273 1569 291 1629 δ
308 1567 529 1645 βαρβαρισμὸς
545 1567 579 1628 έν
594 1571 630 1646 τῇ
648 1566 727 1630 λέξει
741 1567 811 1642 περὶ
824 1567 1034 1642 πλεονασμὸν
1050 1567 1220 1644 στοιχείου,
1234 1570 1305 1645 περὶ
1320 1568 1454 1644 ἔνδειαν,

271 1677 341 1752 περὶ
363 1675 553 1751 ἐναλλαγήν,
572 1676 642 1750 περὶ
657 1674 763 1747 τόνον,
781 1676 851 1750 περὶ
866 1675 995 1752 χρόνον,
1010 1677 1080 1752 περὶ
1093 1679 1227 1752 πνεῦμα.
1256 1677 1339 1740 Tria
1352 1677 1455 1756 igitur

272 1784 364 1860 vitia,
388 1800 476 1862 quae
498 1781 585 1844 fiunt
606 1782 640 1843 in
662 1782 854 1859 scribendo
876 1782 942 1846 tria
963 1800 1052 1862 quae
1074 1782 1270 1846 indicendo
1286 1785 1454 1862 accidunt,

272 1893 307 1954 in
327 1894 394 1954 hoc
415 1898 566 1952 tractatu
588 1889 805 1952 offendimus
1494 1965 1499 1974 ι

380 1999 496 2060 Aliam
518 1997 710 2059 doctrinam
731 2016 775 2060 ex
790 1998 949 2077 Dionysii
965 1999 1104 2061 scholiis
1120 2017 1243 2062 eruere
1257 2018 1453 2079 possumus

273 2109 331 2170 ubi
352 2109 396 2186 (p.
412 2107 514 2182 447,τι
534 2105 639 2184 Hilg.)
661 2106 822 2184 legimus:
846 2105 1073 2183 Βαρβαρισμὸς
1092 2106 1179 2168 ἐστιν
1195 2105 1366 2184 ἁμάρτημα
1379 2127 1454 2184 ττρο-

274 2215 383 2290 φορᾶς
411 2214 445 2274 έν
475 2214 554 2275 λέξει
581 2213 760 2289 γινόμενον.
786 2213 902 2287 γίνεται
925 2215 960 2274 δέ
981 2215 1051 2290 περὶ
1072 2213 1200 2290 τόνους,
1223 2215 1279 2290 ὡς,
1303 2214 1396 2291 εἴτις
1417 2217 1453 2276 τὸ

274 2319 351 2394 Αἴας
378 2320 496 2382 ὀξύνει·
523 2322 592 2397 περὶ
619 2319 767 2398 χρόνους,
795 2321 841 2395 ὡς
865 2319 895 2397 ,εἴ
915 2340 961 2395 τις
982 2324 1040 2382 rod
1063 2320 1140 2396 Αἴας
1154 2323 1191 2383 τὸ
1208 2333 1247 2397 ᾱς
1270 2323 1451 2384 συστέλλει·

273 2431 343 2505 περὶ
364 2430 537 2505 πνεύματα,
560 2428 605 2502 ὡς
628 2427 714 2504 εἴτις
735 2429 772 2489 τὸ
786 2427 901 2503 Ἅιδης
923 2429 1025 2506 ψιλοῑ·
1047 2431 1117 2506 περὶ
1137 2431 1279 2508 γραφήν,
1303 2430 1349 2506 ὡς
1369 2431 1453 2506 εἴτις

178 2565 180 2572 ·
275 2538 356 2612 λέγει
387 2539 424 2598 τὸ
450 2537 556 2615 Λάχης
586 2538 637 2598 διὰ
664 2541 722 2612 τῆς
750 2543 778 2598 ᾗ
808 2538 988 2613 διφθδγγου
1017 2537 1201 2615 γράφεσθα,
1230 2538 1370 2616 ὀφεῖλον
1403 2540 1453 2601 διὰ

271 2647 329 2706 τοῦ
342 2652 379 2720 n·
395 2648 465 2722 περὶ
480 2646 624 2726 κλίσιν,
642 2646 687 2721 ὡς
703 2646 789 2721 εἴτις
803 2647 840 2707 τὸ
857 2646 934 2721 Αἴας
949 2646 1180 2724 ἰσοσυλλάβως
1195 2647 1299 2720 κλίνει,
1315 2647 1452 2724 ὀφεῖλον

271 2753 592 2831 περιττοσυλλάβυις
614 2756 684 2830 περὶ
707 2756 882 2827 διάλεκτον,
909 2754 955 2830 ὡς
977 2753 1069 2829 εἴτις
1090 2753 1453 2831 προαιρούμενοςάττι-

272 2861 365 2923 κίζειν
388 2860 489 2935 ἄλλην
512 2860 704 2937 έγκαταμίξει
728 2862 809 2924 λέξιν
829 2861 925 2938 χωρίε
939 2881 1024 2922 τινοε
1040 2861 1223 2936 ἀναλογίας,
1239 2861 1285 2936 ὼς
1301 2861 1452 2923 εἰώθασιν

272 2967 303 3029 οἱ
318 2967 461 3045 κωμικοί·
476 2947 573 3028 mino
590 2969 625 3028 δέ
641 2969 833 3044 σαρκασμὸν
850 2971 1019 3030 καλοῦσιν·
1030 2969 1101 3045 περὶ
1112 2969 1189 3042 τοὺς
1200 2972 1266 3030 τῶν
1279 2971 1452 3046 συλλαβῶν

272 3077 457 3154 μερισμούς,
485 3077 531 3151 ug
560 3075 587 3136 εί
613 3095 659 3150 τις
686 3077 744 3151 τὰς
773 3077 973 3154 διφθὸγγους
1002 3077 1132 3150 διαλύει,
1161 3075 1232 3138 οἷον
1260 3080 1337 3151 παῖς
1361 3076 1451 3152 πάίς·

271 3187 341 3260 περὶ
365 3186 451 3248 -λέξιν
480 3185 581 3260 ξένην,
611 3184 656 3258 ὡς
678 3183 705 3246 εί
725 3204 771 3260 τις
792 3186 849 3246 τὸν
873 3186 1001 3270 κλάδον
1014 3189 1072 3246 τοῦ
1096 3185 1244 3262 φοίνικος
1266 3187 1359 3262 βαίον
1382 3184 1452 3246 ὀνο·

273 3292 373 3368 μάζει,
403 3293 478 3354 δέον
509 3293 657 3366 λέγεσθαι
688 3291 872 3368 ὁμωνύμως
898 3293 943 3372 τῷ
973 3298 1077 3374 φυτῷ.
1121 3293 1190 3356 Sed
1219 3293 1323 3356 etiam
1352 3293 1452 3356 huius

271 3401 449 3464 doctrinae
471 3401 620 3480 vestigia
638 3401 731 3481 apud
745 3401 891 3462 Fabium
911 3402 958 3478 (V
975 3402 1023 3480 13)
1042 3401 1249 3464 invenimus:
1274 3401 1453 3464 »Similiter

272 3509 351 3572 alia:
374 3527 455 3572 nam
478 3509 552 3570 sive
575 3519 628 3572 est
652 3509 862 3585 adsentior,
885 3509 1032 3572 Sisenna
1047 3509 1130 3571 dixit
1147 3509 1327 3571 ‘adsentio'
1344 3509 1453 3571 multi·

270 3636 337 3697 que
360 3627 394 3678 et
415 3619 506 3678 hunc
530 3627 563 3678 et
585 3617 783 3696 analogiam
804 3617 923 3690 secuti,
947 3617 1020 3678 sive
1041 3617 1124 3678 illud
1145 3634 1268 3678 verum
1284 3625 1345 3692 est,
1365 3618 1453 3678 haec

272 3743 407 3804 quoque
436 3742 518 3802 pars
548 3741 721 3786 consensu
743 3723 950 3786 defenditur:
981 3731 1016 3785 at
1037 3723 1093 3784 ille
1114 3740 1226 3801 pexus
1248 3723 1453 3804 pinguisque

270 3833 392 3894 doctor
421 3841 479 3894 aut
507 3831 575 3893 illic
604 3831 854 3892 detractionem
882 3840 941 3892 aut
971 3831 1026 3894 hic
1055 3830 1284 3893 adiectionem
1310 3832 1452 3910 putabit.

272 3939 361 4017 Quid
383 3941 474 4018 quod
496 3940 676 4020 quaedam,
700 3956 789 4018 quae
811 3939 948 4018 singula
969 3940 1089 4017 procul
1105 3937 1207 4000 dubio
1222 3937 1348 4000 vitiosa
1363 3947 1452 4015 sunt,

270 4048 386 4110 iuncta
414 4047 487 4110 sine
516 4047 786 4126 reprehensione
816 4047 992 4110 dicuntur?
1014 4047 1122 4108 .Nam
1145 4055 1179 4107 et
1203 4047 1292 4108 ‘dua'
1318 4055 1352 4108 et
1376 4044 1450 4109 ‘tre'

271 4157 488 4219 diversorum
510 4174 678 4235 generum
701 4165 780 4219 sunt
801 4155 1016 4232 barbarismi,
1040 4164 1076 4216 at
1100 4155 1308 4234 ‘duapondo’
1326 4163 1360 4216 et
1376 4158 1459 4218 ‘tre--

269 4265 397 4344 pondo'
427 4281 536 4342 usque
566 4265 611 4324 ad
638 4275 794 4325 nostram
823 4272 973 4324 aetatem
1003 4263 1046 4324 ab
1069 4261 1227 4324 omnibus
1250 4262 1378 4324 dictum
1401 4275 1454 4326 est

270 4381 304 4434 et
331 4381 425 4432 recte
455 4369 520 4431 dici
545 4369 698 4430 Messala
726 4368 935 4430 confirmae«
979 4369 1101 4431 Nonne
1128 4369 1183 4430 hic
1214 4369 1394 4432 ‘adsentio’
1421 4384 1454 4434 et
