3168 5066
726 403 927 464 „56-

235 603 313 656 octo
326 643 332 656 .
346 641 352 656 .
366 641 372 658 .
388 601 572 673 praeterea
593 607 787 653 numeros«.
822 589 1034 666 Qualitatum
1057 607 1143 652 sane
1164 607 1293 652 nomen
1316 590 1422 654 etiam

235 719 341 782 supra
353 701 413 780 (IV
421 701 473 780 27)
486 699 695 763 offendimus
707 709 811 779 atque
824 699 1008 762 eRemmio
1020 698 1166 778 petitum
1179 716 1258 761 esse
1269 699 1420 762 Christio

235 809 479 872 concessimus
526 807 684 870 Eundem
718 807 774 870 hic
806 806 1107 886 deprehendimus,
1144 807 1206 869 sed
1241 817 1419 869 auctorem

234 933 345 996 neque
368 917 481 978 solum
499 932 612 993 neque
626 913 827 994 primarium
844 914 958 976 dicere
972 914 1177 992 poterimus,
1200 915 1316 991 immo,
1332 915 1421 977 sicut

233 1023 267 1085 in
300 1023 518 1086 enarratione
550 1022 699 1101 partium
731 1022 901 1086 sermonis
930 1022 991 1101 (IV
1012 1023 1064 1102 20)
1095 1023 1194 1103 quasi
1215 1024 1250 1086 in
1271 1024 1419 1086 transitu

235 1139 537 1196 commemoratur.

341 1237 379 1300 In
401 1239 418 1316 §
440 1239 479 1299 to
505 1238 624 1314 verb0,
647 1238 740 1318 quod
762 1247 815 1300 est
836 1237 995 1318 patrium,
1018 1239 1297 1318 patronymicum
1319 1239 1422 1318 signi-

235 1345 333 1408 ficari
361 1349 507 1424 apparet
536 1363 580 1406 ex
602 1344 714 1423 Sergii
741 1345 786 1408 ad
807 1345 985 1408 Donatum
1007 1346 1309 1425 explanationibus
1331 1347 1420 1425 (Keil

235 1453 283 1516 IV
305 1471 336 1532 p.
358 1454 475 1532 539sel:
512 1451 625 1530 »Sunt
659 1470 748 1532 quae
775 1471 797 1516 a
823 1453 968 1516 Graecis
994 1454 1244 1533 patronymica,
1274 1471 1295 1517 a
1320 1455 1420 1518 nobis

235 1563 347 1641 patria
369 1560 553 1624 dicuntur.«
599 1559 712 1638 Quam
735 1560 1025 1640 significationem
1047 1579 1066 1623 e
1087 1561 1206 1640 lingua
1227 1561 1365 1624 Graeca
1384 1563 1421 1624 in

234 1669 394 1732 Latinam
423 1685 631 1731 conversam
662 1685 739 1731 esse
769 1670 826 1730 vel
854 1669 933 1730 inde
964 1679 1097 1732 certum
1124 1678 1185 1746 est,
1213 1670 1306 1752 quod
1328 1671 1421 1750 apud

234 1778 377 1840 Latinos
419 1776 661 1856 patronymica
699 1777 838 1840 omnino
878 1795 947 1840 non
978 1778 1188 1856 invenimuS,
1234 1778 1299 1840 nisi
1331 1795 1420 1857 quae

235 1886 372 1949 Graeco
394 1885 461 1948 ritu
482 1884 565 1947 licta
587 1893 676 1946 sunt.
705 1885 838 1947 Eadem
859 1887 1084 1965 paragrapho
1097 1884 1294 1948 Stoicorum
1315 1885 1419 1947 modo

235 1995 418 2058 discrimen
439 1993 528 2056 inter
549 1993 722 2076 uocabula
744 2001 778 2056 et
799 1993 941 2056 nomina
961 1993 1092 2056 factum
1116 2003 1178 2065 est,
1207 1993 1296 2056 sicut
1317 2002 1421 2055 antea

234 2102 269 2164 in
295 2102 407 2182 capite
434 2110 567 2181 quarto,
611 2100 704 2162 Finis
726 2109 896 2163 tractatus
918 2101 961 2163 de
983 2101 1191 2165 soloecismo
1214 2102 1265 2180 (βξ
1287 2101 1419 2177 51-54)

235 2211 278 2272 de
300 2209 471 2288 ambiguis
492 2209 609 2271 verbis
631 2208 968 2272 dissertatiunculam
990 2209 1142 2272 continet
1163 2210 1220 2271 vel
1242 2209 1301 2285 eis
1331 2226 1420 2288 quae

234 2317 361 2380 faciem
382 2318 578 2380 soloecismi
600 2319 729 2380 habent
752 2319 782 2396 (β
804 2317 856 2395 52)
884 2327 918 2380 et
940 2317 1006 2380 dici
1027 2318 1153 2380 vitiosa
1174 2336 1243 2380 non
1264 2327 1418 2397 possunt.

344 2425 475 2502 Restat,
507 2435 544 2488 ut
575 2445 666 2489 nunc
698 2426 794 2489 Sexti
822 2426 986 2506 Empirici
1013 2436 1125 2489 totum
1157 2427 1199 2488 de
1227 2426 1319 2488 vitiis
1347 2442 1419 2487 ora-

235 2534 337 2597 tionis
368 2543 554 2597 tractatum
585 2535 655 2598 iam
690 2534 745 2598 hic
774 2543 808 2598 et
835 2535 902 2597 illic
931 2544 1242 2598 commemoratum
1270 2543 1419 2596 contem-

236 2645 379 2723 plemur.
429 2644 555 2707 Totum
587 2643 643 2706 hic
674 2643 831 2723 proferre
866 2661 1011 2707 necesse
1044 2643 1108 2706 erit
1139 2644 1190 2722 (βξ
1226 2641 1418 2719 209-216);

238 2749 331 2827 Ἀρτι
347 2751 402 2826 μέν
419 2749 477 2812 οὖν
494 2750 528 2812 ἐκ
542 2753 599 2826 τῆς
613 2751 695 2826 πρὸς
710 2751 787 2826 τοὺς
798 2751 1036 2827 γραμματικοὺς
1052 2749 1247 2824 ἀκολουθίας
1264 2752 1417 2823 συνῆκται

236 2858 273 2920 τὸ
295 2859 462 2935 παρέλκειν
486 2859 541 2936 μέν
563 2859 621 2933 τὴν
644 2857 819 2931 ἀναλογίαν
839 2857 922 2934 πρὸς
944 2857 1148 2934 έλληνισμόν,
1170 2856 1358 2933 εὐχρηστεῖν
1382 2855 1417 2916 δὲ

237 2967 294 3042 τήν
306 2969 362 3041 τὴς
375 2965 549 3042 συνηθείας
556 2965 794 3041 παρατήρησιν·
808 2966 908 3040 δῆλον
921 2966 956 3026 δέ
966 2963 1050 3040 ἴσως
1064 2961 1157 3028 ἔσται
1174 2963 1208 3025 ἐκ
1224 2967 1290 3026 τῶν
1304 2961 1417 3039 ῥητῶν.

238 3073 417 3150 ὁριζόμενοι
428 3074 488 3149 γὰρ
503 3072 605 3134 τόντε
621 3073 843 3150 βαρβαρισμὸν
858 3074 908 3134 καὶ
922 3074 979 3134 τὸν
993 3072 1205 3150 σολοικισμὸν
1219 3072 1304 3148 φασὶ
1321 3097 1335 3124 »
1345 3073 1415 3148 βαρ-

238 3181 396 3258 βαρισμὸς
418 3181 486 3242 ἐστι
507 3182 718 3258 παράπτωσις
740 3180 774 3242 ἐν
797 3179 880 3262 ἁπλῇ
902 3181 981 3243 λέξει
997 3179 1085 3256 παρὰ
1106 3181 1164 3256 τὴν
1187 3179 1297 3253 κοινὴν
1321 3177 1416 3252 συνή-

237 3293 325 3352 θειαν
335 3315 347 3344 «
366 3289 416 3350 καὶ
434 3288 670 3366 »σολοικισμὸς
686 3289 753 3350 ἐστι
767 3289 980 3365 παράπτωσις
993 3288 1161 3363 ἀσυνήθης
1173 3287 1253 3348 κατὰ
1263 3287 1321 3362 τήν
1337 3283 1415 3360 ὅλην

238 3395 388 3458 σύνταξιν
410 3397 460 3458 καὶ
483 3394 740 3470 ἀνακόλουθοςι.
766 3395 849 3471 πρὸς
869 3393 889 3455 ἃ
909 3394 1074 3471 δυνάμεθα
1096 3395 1197 3468 λέγειν
1219 3392 1326 3468 εὐθύς.
1350 3391 1417 3454 ἀλλ’

237 3503 263 3564 εί
286 3505 303 3564 ὸ
328 3505 382 3580 μὲν
411 3502 633 3581 βαρβαρισμὸς
659 3503 746 3564 ἐστιν
769 3502 803 3564 ἐν
826 3501 908 3584 ἁπλῇ
934 3503 1021 3580 λέξει,
1046 3502 1063 3563 ὸ
1091 3504 1127 3562 δέ
1150 3501 1363 3577 σολοικισμὸς
1385 3499 1417 3560 έν

238 3611 390 3672 συνθέσει
425 3611 551 3686 λέξεων,
586 3611 740 3672 δέδεικται
774 3612 809 3671 δέ
841 3607 1028 3688 ἔμπροσθεν
1058 3609 1103 3685 ὡς
1133 3609 1209 3671 οὔτε
1236 3608 1319 3683 ἁπλῆ
1350 3604 1419 3670 ἔστι

239 3717 320 3792 λέξις
361 3737 407 3792 τις
440 3717 514 3780 οὔτε
551 3718 706 3794 σύνθεσις
749 3719 875 3796 λέξεων,
909 3717 1006 3780 οὐδέν
1042 3718 1110 3779 ἐστι
1146 3714 1368 3794 βαρβαρισμὸς
1399 3713 1417 3787 ἢ

240 3825 459 3900 σολοικισμὸς.
489 3825 583 3888 πάλιν
613 3826 637 3887 εἰ
667 3825 701 3886 ἐν
731 3825 810 3888 λέξει
840 3829 893 3904 μιᾷ
922 3825 940 3885 ὁ
971 3824 1193 3902 βαρβαρισμὸς
1221 3824 1343 3882 νοεῖται
1371 3821 1420 3881 καὶ

238 3933 272 3995 ἐν
303 3933 454 3994 συνθέσει
482 3934 598 3996 λέξεων
625 3933 643 3996 ὸ
673 3933 895 4010 σολοικισμὸς,
921 3931 990 3994 ἀλλ’
1017 3931 1076 3992 οὐκ
1105 3931 1139 3992 έν
1164 3933 1234 4004 τοῖς
1260 3927 1421 4004 ὑποκειμέ-

237 4058 307 4114 νοις
328 4039 499 4117 πράγμασι,
514 4044 584 4116 πάις
599 4041 743 4118 ἥμαρτον
766 4041 863 4102 εἰπὼν
889 4038 1046 4116 »amoc«,
1071 4038 1210 4113 δείκνυμι
1225 4037 1261 4096 δὲ
1275 4038 1421 4111 γυναῖκα,

238 4149 257 4225 ἢ
292 4144 428 4223 »alirn«,
456 4148 594 4227 δείκνυμι
628 4151 663 4210 δέ
695 4149 839 4223 νεανίαν;
872 4147 946 4209 οὔτε
977 4149 1038 4224 γάρ
1072 4145 1269 4208 ἐσολοίκισα·
1302 4142 1422 4220 οὐγὰρ
1459 4223 1463 4232 1

240 4258 395 4320 σύνθεσιν
419 4259 551 4318 πολλῶν
574 4255 806 4332 ἀκαταλλήλων
831 4255 947 4316 λέξεων
962 4253 1217 4330 προηνεγκάμην,
1233 4251 1299 4312 ἀλλ’
1318 4249 1423 4325 ἁπλῆν

237 4367 295 4442 τήν
325 4365 422 4440 οὗτος
450 4365 531 4426 λέξιν
554 4364 572 4438 ί)
597 4359 689 4438 αὓτη·
713 4363 779 4424 οὔτ’
808 4362 1020 4441 ἐβαρβάρισα·
1048 4361 1145 4422 οὐδὲν
1171 4360 1231 4434 γὰρ
1259 4357 1425 4432 ἀσύνηθες
