921 1385
377 166 479 181 -15-

126 213 149 228 δι’
167 212 273 232 ἐτυμολογίας
289 212 346 232 κρίνειν
362 213 423 228 Θὲλωσι
439 213 468 228 τὸν
484 213 586 232 ἑλληνισμόν.
613 213 663 229 Duae

126 240 179 259 leges
186 239 282 255 secundum
290 239 423 259 grammaticum
433 240 463 255 τὸν
474 240 571 259 ἑλληνισμὸν
582 243 677 260 praestant,

125 267 187 287 logiae
203 269 220 283 et
236 266 357 286 etymologiae,
373 266 435 287 quibus
445 271 456 283 a
466 267 536 286 Sexta,
549 267 612 287 quippe
624 267 653 287 qui
664 272 680 283 01

125 294 201 314 regulas
212 296 305 314 oppugnet,
317 294 424 309 consuetudo
438 294 454 314 (ἡ
466 293 551 314 συνήθεια)
562 294 659 314 opponitur.

126 321 239 336 suetudinem
252 323 311 337 autem
321 321 356 336 iam
368 321 389 337 ab
400 321 506 341 Asclepiade
518 325 557 337 eum
569 321 650 341 analogia
661 324 678 337 et

126 348 207 368 mologia
222 348 332 364 coniunctam
348 352 392 367 esse,
408 350 427 363 ut
443 350 479 363 tres
495 351 555 368 partes
571 348 680 364 efficerentur

126 375 224 390 Muellerus
237 379 252 394 p.
264 375 284 390 32
297 377 360 394 censet,
372 375 478 394 persuadere
489 375 530 394 mihi
541 379 576 391 non
587 379 664 395 possum,
675 380 680 395 1

126 401 189 417 sertim
200 406 240 417 cum
251 402 290 417 duo
301 406 370 422 quoque
381 402 422 417 vitia
433 401 443 417 ὁ
454 402 565 421 βαρβαρισμὸς
575 404 593 418 et
600 402 609 417 ὁ
618 403 680 418 σολοικι

127 429 197 444 duobus
207 429 279 448 legibus,
288 427 379 449 analogiae
387 431 404 444 et
412 429 533 448 etymologiae,
542 431 651 449 opponantur
659 429 675 449 (ἓ

126 455 144 471 Is
158 455 209 474 enim,
222 455 251 475 qui
264 455 359 471 ternarium
371 460 441 475 semper
454 460 546 471 numerum
558 456 668 476 sequebatur.

126 487 190 498 corum
206 487 215 498 e
231 487 280 498 more
295 485 342 504 certe
358 482 465 502 ἀκυρολογίαν
482 483 582 498 addidisset,
608 483 679 503 Asclepi

125 509 181 529 igitur
194 510 227 525 hac
238 510 277 529 lege
288 509 357 525 minime
368 514 387 525 se
399 509 483 529 astrinxit,
494 510 525 525 sed
533 509 562 525 ubi
569 512 600 525 aut
607 514 636 525 res
643 512 673 525 aut

126 536 212 556 spicuitas
223 536 327 556 postulabat,
338 536 372 552 alia
383 536 467 552 divisione
478 541 520 552 usus
531 539 562 552 est.
584 537 644 557 Itaque
655 537 680 552 eti,

126 562 239 582 partitionem
254 563 348 579 tex-nariam
362 563 412 579 simul
423 568 463 579 cum
474 563 511 579 aliis
523 564 630 584 argumentis
643 564 680 584 prol

126 594 227 609 possumus,
238 592 257 605 ut
268 590 371 606 sententiam
383 590 457 610 aliquam
465 591 556 610 Myrleano
564 590 676 609 vindicemus,

126 621 160 636 per
173 621 193 632 se
205 619 252 632 certe
265 621 300 632 non
313 617 381 633 sufficit.
403 617 437 633 Sed
448 617 490 633 satis
501 617 523 633 sit
533 617 571 637 ipso
582 617 599 633 in
610 617 667 633 limine
678 618 680 633 i

126 646 190 659 contra
202 644 281 659 Mueller-i
293 644 461 664 argumentationem
476 644 573 664 protulisse,
587 649 639 664 quam
652 649 680 660 sae

124 671 143 686 in
154 673 238 690 sequente
250 675 302 686 cursu
312 671 430 691 respiciemus,

413 736 432 752 lL

181 776 230 792 Nunc
246 776 268 792 ad
281 776 380 796 Quintiliani
395 779 450 792 artem
462 779 575 793 revertamur.
600 777 680 797 Quintilla

124 805 144 819 ut
155 807 209 823 supra
220 803 357 819 demonstratum
368 806 399 822 est,
411 804 455 819 duas
466 804 508 819 artis
518 807 578 824 partes
588 805 664 824 praebet,
672 809 680 820 r

124 830 207 850 loquendi
218 830 308 845 scientiam
319 832 336 845 et
346 833 437 850 poetarum
449 831 577 847 enarrationem
588 831 609 851 (c.
617 831 641 847 IV
651 831 661 847 2
670 836 679 847 s

125 857 157 873 sed
165 857 216 872 tertia
223 861 264 877 pars
270 857 343 873 adicitur
348 857 427 873 iudicium
435 857 450 877 (ᾖ
455 858 476 877 3),
484 858 557 873 mixtum
565 858 592 873 his
599 858 679 874 omnibus

124 886 173 899 recte
189 884 270 904 loquendi
282 884 364 900 scientiae
379 887 396 900 et
406 887 497 904 poetarum
509 885 614 900 enarrationi
624 889 680 901 earurr

124 909 204 931 partibus
214 911 277 927 rationi
288 911 373 927 scribendi
381 914 398 927 et
405 912 508 927 emendatae
516 912 589 931 lectioni,
597 916 642 932 quae
650 917 680 928 ena

124 938 191 954 tionem
198 938 291 958 praecedit.
306 938 389 958 Magnam
397 938 425 954 hic
432 943 472 954 cum
480 938 526 954 Sexti
534 941 618 954 tractatus
626 939 678 959 partit

125 965 254 981 similitudinem
262 965 321 981 statim
329 965 488 981 animadvertimus.
497 965 550 981 Recte
557 966 638 986 loquendi
646 966 680 981 scie

124 995 142 1008 et
153 992 239 1007 scribendi
250 992 295 1007 ratio
306 997 345 1008 Cum
356 992 404 1008 Sexti
415 993 471 1012 prima
482 995 532 1012 parte
539 994 562 1013 τῷ
569 994 635 1013 τεχνικῷ
643 994 680 1008 conl

124 1021 188 1039 potest,
202 1018 231 1034 ubi
245 1021 262 1034 et
276 1019 297 1034 de
308 1019 434 1039 orthographia
445 1022 462 1035 et
472 1020 507 1038 περὶ
518 1019 616 1039 ἑλληνισμοῦ
627 1022 680 1035 tracta:

124 1046 218 1061 Poetarum
230 1045 317 1061 enarratio
327 1047 350 1066 τῷ
361 1045 437 1067 ἱστορικῷ
448 1046 542 1066 respondet
553 1049 570 1062 et
579 1046 664 1066 iudicium,
672 1052 680 1067 q

124 1072 198 1088 mixtum
214 1075 241 1088 est
256 1072 283 1088 his
299 1073 383 1092 omnibus,
394 1073 413 1088 τὸ
428 1073 501 1092 κριτικόν,
516 1073 525 1089 i.
533 1078 547 1089 e.
565 1073 613 1089 Sexti
628 1073 680 1089 ἰδιαίτε

123 1099 235 1119 Asclepiadis
245 1099 354 1119 γραμματικόν
362 1102 393 1119 est,
403 1099 443 1119 ὅπερ
451 1100 550 1120 ἀμφοτέρων
558 1100 645 1120 ἐφάπτεται
653 1100 668 1121 (§
676 1101 680 1116 Σ

124 1126 159 1143 Sed
170 1127 259 1146 antiquam
270 1127 379 1146 Asclepiadis
394 1127 504 1147 partitionem
516 1128 621 1147 aliquantum
632 1130 680 1143 muta

124 1158 164 1169 esse
175 1153 259 1169 videmus.
281 1153 324 1169 Nam
339 1154 436 1172 discrimen,
450 1154 497 1174 quod
508 1155 572 1170 Fabius
582 1155 626 1170 inter
636 1155 680 1174 loqu⁴
