3168 5066
758 423 958 484 -64-

265 611 316 689 ’βξ
334 611 506 673 196-208,
528 611 573 672 ad
596 611 745 674 eundem
765 609 950 672 referenda
972 621 1025 672 est
1047 612 1154 689 §19st
1176 612 1374 687 ζητουμένου
1389 613 1454 690 γὰρ

265 719 325 778 τοῦ
346 721 418 791 πάις
439 721 488 778 δεῖ
512 717 622 793 λέγειν,
645 720 785 793 χρῆσθαι
806 718 825 792 ἢ
849 720 1002 794 χρᾶσθαι,
1029 719 1133 792 φασὶν
1155 715 1204 778 ὅτι
1225 721 1378 794 χρᾶσθαι,
1401 722 1454 782 καὶ

265 823 494 900 ἀπαιτούμενοι
521 825 640 886 τούτου
666 826 725 900 τὴν
745 825 851 886 ιιίστιν
881 825 1032 898 λέγουσιν
1054 823 1103 886 ὅτι
1131 829 1246 902 χρῆσις
1267 828 1317 886 καὶ
1338 831 1454 902 κτῆσις

264 933 411 1006 ἀνάλογά
432 933 538 994 ἐστιν·
560 934 608 1006 ὡς
629 932 691 994 οὖν
713 936 849 995 κτάσθαι
871 936 928 1008 μέν
950 934 1081 1006 λέγεται,
1103 936 1238 1008 κτήσθαι
1260 935 1296 994 δὲ
1311 933 1350 995 οὐ
1367 934 1453 1008 λέγε-

263 1059 322 1112 ται,
351 1036 439 1100 οὓτω
473 1042 524 1101 καί
553 1045 694 1118 χράσθαι
721 1044 777 1118 μὲν
807 1041 991 1136 ῥηθήσεται,
1018 1045 1159 1117 χρῆσθαι
1185 1043 1222 1101 δέ
1249 1041 1289 1102 od
1309 1042 1451 1118 πάντως,

264 1147 389 1210 deinde
410 1147 568 1211 definitio
588 1149 648 1212 illa
669 1152 700 1228 l§
718 1151 775 1212 199
777 1169 801 1227 μ
825 1149 881 1209 Καὶ
896 1150 958 1224 μὴν
973 1147 992 1222 ἡ
1008 1147 1166 1222 ἀναλογία
1180 1148 1302 1224 ὁμοίων
1316 1150 1451 1210 πολλῶν

266 1254 441 1331 ὀνομάτων
462 1257 530 1317 ἐστὶ
551 1258 740 1333 παράθεσις,
762 1258 802 1318 τά
821 1258 857 1318 δέ
871 1255 1017 1331 ὀνόματα
1030 1257 1131 1316 ταῦτα
1146 1255 1181 1316 ἐκ
1194 1259 1251 1330 τῆς
1266 1257 1451 1332 συνηθείας,

264 1381 334 1441 qua
343 1381 429 1425 usus
440 1363 568 1426 Sextus
580 1366 670 1426 hanc
681 1365 990 1444 grammaticorum
1000 1363 1172 1425 rationem
1183 1363 1316 1426 ratione
1328 1382 1451 1427 carere

264 1471 481 1532 demonstrat
503 1472 642 1550 l§2001·:
672 1471 794 1532 ἀτοπον
815 1472 853 1531 τό
875 1470 955 1530 αὐτὸ
978 1471 1029 1530 καὶ
1051 1470 1097 1544 ὡς
1117 1471 1233 1532 ιπστὸν
1254 1472 1451 1546 προσίεσθαι

265 1578 316 1637 καὶ
332 1581 378 1652 ὡς
394 1576 531 1638 ἀτπστον
545 1583 779 1654 παραιτεῖσθαι.
810 1579 926 1658 Atque
948 1580 1015 1640 hoc
1036 1577 1106 1640 iam
1128 1595 1150 1638 a
1165 1577 1305 1640 Cratete
1327 1588 1450 1641 contra

263 1685 507 1748 An'starchum
527 1689 702 1764 prolatum
724 1687 861 1750 videtur
881 1704 970 1762 esse,
992 1704 1073 1748 nam
1095 1695 1133 1748 ut
1148 1704 1192 1747 ex
1207 1685 1313 1749 Sexto
1329 1688 1360 1765 (ᾗ
1375 1687 1449 1765 202ι

263 1802 419 1871 apparet,
434 1793 596 1856 Pindario
610 1795 805 1856 Aristarchi
826 1794 1023 1873 discipulus
1044 1803 1082 1855 ut
1103 1795 1194 1856 hanc
1208 1793 1450 1858 difficultatem

263 1900 409 1980 lugeret,
431 1919 470 1962 se
491 1903 638 1964 eandem
661 1903 947 1965 consuetudinem
973 1912 1008 1963 et
1029 1901 1192 1980 amplecti
1217 1911 1251 1962 et
1272 1905 1449 1981 expellere

263 2019 456 2087 negaverat
467 2011 506 2086 ¹11:
542 2014 579 2085 τῇ
609 2009 673 2086 ἀρα
702 2009 857 2087 συνηθείᾳ
883 2008 1095 2084 ἐκβάλλοντες
1119 2010 1178 2083 τὴν
1207 2010 1382 2084 συνήθειαν
1409 2013 1447 2073 τὸ

264 2113 343 2174 αὐτὸ
364 2114 480 2175 πιστὸν
503 2113 568 2190 ἅμα
590 2116 640 2175 καὶ
662 2114 799 2175 ἀπιστον
820 2103 1026 2188 ποιήσουσιν.
1048 2115 1139 2190 ἐκτὸς
1155 2117 1180 2176 εἰ
1196 2113 1237 2192 μιί
1251 2135 1280 2176 τι
1295 2117 1448 2193 φήσουσι

265 2222 305 2296 μὴ
335 2223 394 2295 τὴν
423 2220 523 2296 αὐτὴν
557 2222 733 2295 συνήθειαν
762 2220 926 2296 ἐκβάλλειν
952 2220 1017 2295 ἅμα
1053 2223 1103 2284 καὶ
1137 2224 1340 2300 προσίεσθαι,
1376 2225 1447 2286 ἀλλ’

265 2326 366 2402 ἀλλην
389 2329 445 2403 μέν
468 2328 633 2404 ἐκβάλλειν
656 2329 757 2404 ἀλλην
780 2331 816 2389 δέ
836 2319 1039 2404 προσίεσθαι.
1069 2328 1149 2406 ὅπερ
1171 2332 1222 2391 καὶ
1244 2331 1395 2404 λέγουσιν
1418 2333 1447 2394 οἱ

265 2433 328 2495 ἀπό
343 2433 580 2510 Πινδαρίωνος.
608 2435 773 2509 ἀναλογία,
795 2436 908 2512 φασίν,
931 2436 1204 2512 ὁμολογουμένως
1223 2438 1257 2498 ἐκ
1271 2442 1329 2514 τῆς
1349 2455 1446 2515 συνη-

263 2543 351 2616 θείας
379 2542 532 2618 ὁρμάται·
555 2543 624 2604 ἐστι
648 2545 709 2620 γάρ
738 2543 852 2619 ὁμοίου
881 2562 915 2603 τε
944 2544 994 2603 καὶ
1016 2543 1173 2618 ἀνομοίου
1202 2546 1322 2621 θεωρία
1349 2548 1387 2607 τό
1410 2550 1445 2608 δὲ

263 2649 378 2724 ὅμοιον
406 2651 457 2711 καὶ
485 2649 642 2727 ἀνόμοιον
670 2653 704 2711 ἐκ
730 2656 787 2725 τῆς
820 2651 1096 2726 όεδοκιμασμένης
1124 2651 1316 2727 λαμβάνεται
1348 2668 1445 2730 συνη-

263 2758 359 2832 θείας.
387 2759 645 2834 δεδοκιμασμένη
666 2761 701 2819 δέ
723 2760 774 2818 καὶ
796 2758 988 2834 ἀρχαιοτάτη
1005 2757 1093 2818 ἐστὶν
1108 2757 1288 2834 ἡὋμήρου
1302 2760 1444 2835 ποίησις·

262 2865 383 2940 ποίημα
416 2867 477 2942 γάρ
514 2866 611 2927 οὐδὲν
646 2868 867 2942 πρεσβύτερον
903 2864 978 2940 ἧκεν
1015 2865 1059 2939 εἰς
1098 2864 1182 2940 ἡμᾶς
1223 2869 1280 2940 τῆς
1321 2866 1443 2929 ἐκείνου

263 2971 437 3049 ποιήσεως.
500 2974 710 3049 διαλεξόμεθα
753 2973 816 3049 ἀρα
858 2978 894 3050 τῇ
933 2969 1083 3049 Ὁμήρου
1128 2976 1444 3050 κατακολουθοῦντες

264 3081 427 3160 συνηθείᾳ.

370 3189 523 3252 Tertiam
535 3190 751 3252 refutationis
762 3199 898 3269 partem
911 3190 961 3269 l§§
973 3190 1146 3252 209-2161
1159 3208 1178 3252 e
1190 3191 1443 3255 definitionibus

262 3297 468 3359 barbarismi
480 3307 514 3359 et
525 3298 722 3360 soloecismi
733 3299 873 3360 ductam
890 3316 997 3376 supra
1010 3299 1080 3360 iam
1092 3299 1378 3376 examinatimuS,
1391 3300 1443 3362 cui

263 3405 479 3483 subiungitur
499 3405 616 3466 brevis
638 3405 681 3467 de
703 3405 931 3468 similitudinis
951 3406 986 3466 vi
1009 3417 1177 3468 tractatus
1199 3407 1442 3485 1'§§216-220).

263 3513 395 3590 Quarta
417 3530 499 3591 pars
522 3515 572 3591 1§§
594 3514 767 3575 all-227,
791 3513 835 3575 ad
855 3514 952 3592 ipsos
973 3514 1281 3591 grammaticorum
1303 3514 1442 3590 κανόνας

262 3621 394 3682 transit.
435 3621 489 3682 Ex
510 3620 606 3681 fonte
627 3621 736 3700 petita
757 3621 917 3682 videntur
937 3621 1047 3682 verba
1069 3620 1100 3700 ‹'§
1121 3621 1209 3700 ‘221113
1232 3621 1366 3682 θέλουσι
1388 3623 1442 3698 μέν

262 3728 323 3801 γάρ
352 3727 506 3787 καθολικά
527 3746 597 3788 τινα
619 3723 811 3803 θεωρήματα
840 3727 1085 3802 συστησάμενοι
1108 3727 1171 3789 ἀπὸ
1192 3729 1318 3788 τούτων
1339 3728 1442 3790 πάντα

263 3835 302 3893 τά
328 3835 407 3893 κατὰ
433 3835 530 3910 μέρος
552 3835 667 3911 κρίνειν
690 3833 843 3910 ὀνόματα,
870 3833 930 3895 εἴτε
952 3833 1101 3910 ἑλληνικά
1123 3834 1210 3895 ἐστιν
1233 3833 1293 3895 εἴτε
1314 3836 1365 3895 καὶ
1387 3833 1439 3911 μή·

263 3941 386 4002 deinde
408 3943 515 4003 κανών
537 3943 593 4005 ille
616 3943 746 4022 1§2‘22‚:
769 3945 832 4003 πᾶν
855 3941 960 4018 ὄνομα
982 3942 1115 4016 ἁπλοῦν,
1135 3943 1180 4017 εἰς
1194 3962 1233 4017 ης
1249 3944 1357 4017 λῆγον,
1372 3942 1441 4004 ἀξύ-

263 4067 370 4122 τονον,
393 4050 479 4108 τουτὶ
501 4049 532 4110 ἐξ
555 4049 695 4123 ἀνάγκης
718 4063 780 4110 συν
801 4055 846 4128 τῷ
868 4055 893 4111 σ
914 4051 994 4111 κατὰ
1014 4052 1073 4126 τὴν
1094 4052 1220 4125 γενικὴν
1243 4048 1441 4128 ἐξενεχθήσε-

263 4174 321 4228 ται,
344 4153 416 4216 οἷον
438 4154 564 4230 εὐφυής
586 4156 734 4231 εἰιρυοῦς,
762 4155 900 4232 εὐσεβής
925 4155 1097 4234 εὐσεβοῦς,
1124 4152 1256 4234 εὐκλειίς
1283 4156 1441 4234 εὐκλεοῦς.

262 4262 371 4322 τοίνυν
387 4261 485 4321 καὶτὸ
501 4261 636 4336 εὐμενὴς
651 4262 814 4338 ὀξυτόνως
829 4263 1050 4340 ἐκφερόμενον
1065 4264 1302 4340 παραπλησίως
1316 4265 1441 4341 τούτοις

372 4396 389 4455 ¹)
407 4394 521 4440 Eandem
540 4410 592 4440 rem
610 4395 701 4441 Sextus
720 4398 768 4442 iatn
786 4399 801 4458 ξ
821 4398 864 4444 188
881 4400 1009 4459 tetigerat.
