3168 5066
765 419 967 481 „66-

274 609 486 685 dissentiant,
512 607 580 670 ista
605 607 819 686 respondent
838 624 909 669 non
930 623 1009 670 esse
1031 605 1138 685 paria,
1166 607 1246 686 quia
1267 607 1368 686 lepus
1390 607 1456 688 epi-

274 735 407 780 coenon
428 715 481 791 sit,
502 717 605 794 lupus
626 714 865 790 masculinum,
888 731 1098 793 quamquam
1113 713 1229 776 Varro
1248 713 1283 776 in
1302 731 1345 776 eo
1360 713 1455 786 libro,

273 842 341 903 quo
362 823 457 888 initia
471 824 651 888 Romanae
672 822 767 885 urbis
789 829 938 898 enarrat,
960 823 1079 900 lupum
1098 821 1264 884 feminam
1284 820 1457 898 dicit-En-

272 932 366 994 nium
387 931 629 1010 Pictoremque
648 930 795 994 Fabium
817 939 966 992 secutus
988 929 1038 992 Illi
1060 938 1176 992 autem
1197 929 1298 1006 idem,
1318 945 1397 992 cum
1411 929 1456 992 in-

272 1048 504 1120 terrogantur,
517 1057 578 1101 cur
591 1039 688 1118 ‘aper
698 1037 783 1118 apri'
798 1045 832 1100 et
846 1037 957 1116 ‘pater
971 1035 1090 1116 patris’
1102 1036 1217 1113 faciat,
1232 1036 1316 1100 illud
1329 1055 1455 1100 nomen

272 1149 433 1228 positum,
455 1149 522 1210 hoc
544 1146 589 1208 ad
604 1145 732 1226 aliquid
746 1162 826 1208 esse
842 1145 1061 1208 contendunt.
1090 1145 1279 1208 Praeterea
1294 1145 1455 1224 quoniam

272 1266 457 1335 utrumque
478 1272 500 1316 a
515 1255 652 1318 Graeco
675 1254 816 1316 ductum
838 1253 890 1329 sit,
913 1253 958 1314 ad
979 1269 1058 1314 eam
1079 1253 1249 1316 rationem
1264 1263 1454 1328 recurrunt,

273 1375 310 1426 ut
337 1361 459 1439 πατρὸς
487 1361 605 1441 patris,
638 1359 763 1437 κάπρου
792 1360 868 1440 apri
895 1359 1010 1422 faciat.
1052 1360 1113 1422 Illa
1141 1370 1259 1424 tamen
1281 1362 1453 1440 quomodo

274 1470 450 1550 effugient,
473 1478 519 1546 ut,
542 1486 621 1532 cum
643 1468 783 1555 nomina
805 1466 965 1548 quamvis
986 1466 1151 1530 feminina
1169 1467 1337 1547 singulari
1352 1469 1454 1532 nomi·

273 1579 390 1642 nativo
419 1596 460 1640 us
486 1577 607 1640 litteris
629 1575 727 1638 finita
748 1593 938 1654 numquam
959 1575 1122 1654 genetivo
1144 1594 1230 1639 casu
1250 1575 1298 1640 ris
1320 1578 1454 1655 syllaba

273 1686 512 1756 terminentur,
539 1683 646 1746 faciat
673 1691 790 1746 tamen
820 1682 953 1745 ‘Venus
974 1682 1155 1746 Veneris’?
1181 1683 1273 1760 item,
1307 1701 1387 1748 cum
1417 1702 1453 1747 es

272 1792 394 1856 litteris
414 1791 513 1854 finita
533 1808 597 1870 per
618 1789 735 1852 varios
757 1798 885 1852 exeant
906 1790 1098 1870 genetivos,
1127 1808 1317 1870 numquam
1339 1802 1452 1856 tamen

273 1901 396 1964 eadem
424 1899 472 1962 ris
500 1897 635 1978 syllaba
664 1897 876 1974 terminatos,
901 1897 1032 1960 ‘Ceres'
1057 1906 1161 1978 cogat
1183 1899 1249 1960 dici
1272 1897 1453 1962 ‘Cereris’?

274 1985 362 2086 Quid
388 2026 473 2070 vero
502 2006 595 2087 quod
622 2015 696 2068 tota
723 2005 903 2085 positionis
929 2005 1088 2070 eiusdem
1105 2006 1140 2068 in
1161 2007 1319 2070 diversos
1341 2007 1453 2070 flexus

273 2118 372 2179 eunt?
401 2133 480 2178 cum
501 2114 593 2176 Alba
613 2112 719 2176 faciat
742 2112 921 2176 ‘Albanos’
951 2121 985 2174 et
1009 2111 1203 2176 ‘Albenses’
1232 2116 1314 2176 volo
1338 2113 1451 2177 ‘volui'

273 2235 306 2286 et
330 2223 470 2285 ‘volavi’
494 2240 523 2284 e.
539 2240 570 2300 q.
586 2239 631 2284 s.«

379 2331 491 2411 Ipsius
517 2329 715 2407 Quintiliani
742 2330 799 2390 vel
828 2327 901 2390 eius
928 2327 1080 2390 auctoris
1100 2327 1298 2407 principalis
1321 2339 1452 2392 senten-

272 2439 355 2500 tiam
377 2439 394 2516 ξ
413 2439 450 2500 lo
465 2437 723 2516 cognoscimus:
750 2435 845 2498 »Non
865 2435 965 2510 enim,
982 2453 1060 2498 curn
1075 2435 1224 2514 primum
1239 2435 1452 2516 fingerentur
1470 2475 1482 2500 .

272 2546 440 2621 homines
462 2544 624 2624 analogia
646 2544 799 2606 demissa
820 2543 918 2604 caelo
933 2542 1083 2604 formam
1099 2544 1260 2622 loquendi
1276 2543 1378 2621 dedit,
1394 2545 1454 2606 sed

272 2654 413 2716 inventa
434 2654 530 2730 est,¹)
551 2659 737 2730 postquam
758 2651 988 2729 loquebantur
1010 2641 1044 2712 et
1065 2660 1223 2714 notatum
1244 2652 1278 2714 in
1294 2669 1453 2715 sermone

273 2779 340 2840 quo
362 2759 510 2840 quidque
532 2759 636 2820 modo
658 2758 808 2822 caderet.
844 2758 963 2838 Itaque
985 2776 1055 2821 non
1076 2759 1235 2822 ratione
1257 2759 1375 2822 nititur
1394 2760 1453 2822 sed

273 2869 474 2946 exemplo,
503 2884 568 2928 nec
596 2868 653 2928 lex
682 2873 736 2926 est
764 2865 934 2943 loquendi,
963 2865 1025 2928 sed
1054 2867 1262 2943 observatio
1284 2877 1322 2929 ut
1342 2867 1452 2947 ipsam

273 2975 471 3054 analogiam
497 2976 592 3036 nulla
612 2991 670 3035 res
693 2973 761 3036 alia
780 2973 911 3048 fecerit,
939 2991 1044 3052 quam
1066 2975 1308 3038 consuetudo«
1354 2974 1452 3052 Quin-

272 3084 409 3145 tilianus
435 3081 538 3161 igitur
563 3082 620 3143 vel
642 3080 715 3143 eius
737 3089 858 3142 auctor
880 3080 974 3142 haud
995 3098 1169 3160 quaquam
1190 3081 1225 3144 in
1245 3083 1354 3144 verba
1376 3100 1451 3144 ana-

272 3190 386 3269 logiae
408 3188 630 3252 defensorum
651 3189 750 3263 iurat,
773 3189 891 3252 sedin
912 3190 979 3251 hoc
1000 3191 1183 3269 analogiae
1205 3201 1239 3252 et
1261 3191 1451 3254 anomaliae

273 3297 460 3360 certamine
482 3297 634 3360 medium
655 3313 695 3358 se
709 3296 807 3375 gerit,
823 3307 861 3358 ut
874 3298 923 3359 ita
938 3297 1060 3374 dicam,
1077 3317 1154 3361 cum
1170 3299 1450 3370 consuetudinem

273 3406 376 3468 etiam
398 3403 611 3483 sequendam
634 3420 712 3466 esse
735 3404 835 3466 dicat.
878 3404 930 3468 Cf.
953 3407 970 3484 ξ
996 3406 1045 3468 18;
1076 3406 1335 3470 »nesciebamus
1364 3406 1449 3470 enim

273 3534 313 3576 ac
335 3532 405 3576 non
426 3510 664 3574 consuetudini
686 3523 719 3574 et
742 3511 859 3574 decori
880 3513 1147 3576 serviebamus«
1171 3514 1227 3593 (ct.
1246 3513 1315 3576 Cic.
1332 3513 1389 3578 Or.
1406 3514 1448 3590 46,

276 3623 343 3698 155)
366 3633 399 3682 et
421 3622 439 3698 ξ
461 3619 513 3680 27:
543 3618 678 3698 »Quare
710 3619 793 3681 mihi
814 3638 883 3682 non
904 3620 1086 3684 invenuste
1109 3621 1174 3684 dici
1195 3622 1340 3694 videtur,
1363 3621 1449 3686 aliud

381 3754 399 3812 ¹)
426 3751 545 3801 Conserri
570 3761 657 3815 potest
679 3761 802 3800 tractatus
826 3755 986 3816 grammatici
1013 3756 1110 3812 incerti,
1137 3771 1213 3817 quern
1238 3755 1448 3804 Reitzensteinius

272 3843 392 3902 (toesch.
410 3843 434 3895 d,
451 3842 543 3903 griech,
557 3842 737 3904 Etymologika
754 3859 778 3905 p.
791 3843 837 3902 386
849 3847 933 3905 sqq.‹)
950 3845 1034 3892 affert:
1054 3844 1103 3896 Καὶ
1119 3849 1179 3906 πῶς
1198 3845 1232 3894 ἄν
1249 3860 1292 3906 τις
1308 3845 1449 3909 ἐξαριθμή-

274 3946 354 3982 σαιτο
375 3934 424 3994 τῆς
446 3931 546 3995 τέχνης
567 3931 600 3982 τὸ
624 3930 844 3994 εὐπερίτρεπτον
870 3947 901 3982 τε
924 3932 970 3983 καὶ
993 3932 1130 3984 ἄστατον·
1148 3934 1222 3984 ἔοικε
1239 3935 1293 3998 γὰρ
1311 3935 1403 3997 δόγμα
1419 3937 1448 3988 ὂν

274 4021 318 4072 καὶ
336 4020 407 4083 αὕτη
428 4020 609 4083 ἀνθρώπινον
628 4023 724 4084 φθορᾷ
742 4019 910 4072 ὑποκεῖσθαι
927 4023 973 4074 καὶ
990 4022 1061 4086 αὕτη
1080 4023 1125 4073 καί
1142 4026 1283 4089 μεταβολῇ
1296 4024 1342 4076 καλ
1353 4030 1447 4090 τροπῇ,

274 4109 321 4161 οἷα
348 4110 382 4173 δὴ
409 4108 454 4159 καὶ
475 4109 563 4160 τᾶλλα
584 4114 642 4161 τῶν
666 4109 827 4172 ἀνθρώπων
849 4111 1009 4175 πράγματα.
1039 4113 1117 4176 εὕροι
1137 4113 1190 4177 γὰρ
1215 4115 1249 4164 ἄν
1272 4129 1313 4176 τις
1337 4119 1448 4166 σκοπῶν

273 4200 358 4262 λέξεις
384 4199 527 4260 πλείστας,
550 4200 593 4262 αἷς
618 4201 707 4262 ἄλλως
730 4199 781 4263 μὲν
805 4201 831 4253 ol
852 4202 938 4252 πάλαι
960 4203 1085 4267 ἐχρῶντο
1109 4204 1262 4268 ἄνθρωποι,
1285 4206 1375 4266 ἄλλως
1401 4205 1449 4257 δὀἱ
1536 4217 1537 4220 ’

273 4294 332 4350 νῦν,
355 4289 401 4340 καὶ
422 4288 452 4340 αἳ
473 4292 533 4350 τοῖς
556 4291 641 4340 πάλαι
663 4291 746 4340 οὖσαι
763 4293 793 4344 ἐν
816 4291 912 4356 χρήσει
934 4294 1163 4357 παρεωράθησαν
1187 4294 1232 4344 καλ
1255 4294 1448 4360 ἀπερρίφησαν

273 4381 393 4444 ὕστερον
411 4381 500 4432 κτλ.
