3168 5066
712 407 912 482 -71,

109 679 112 682 ,
205 613 370 674 »Verum
399 608 649 690 orthographia
678 626 815 688 quoque
848 610 1087 674 consuetudini
1119 609 1227 672 servit
1257 609 1404 690 ideoque

204 736 324 798 saepe
344 726 480 780 mutata
502 695 586 779 est.«'
613 716 772 780 Eundem
792 715 935 793 iontem,
959 717 1015 796 qui
1037 735 1144 797 supra
1165 725 1404 800 praeterana-

204 827 343 906 logiam
369 824 654 888 consuetudinem
677 823 891 900 defenderat,
906 825 1018 903 primo
1034 825 1156 888 obtutu
1171 825 1402 904 agnoscimus.

323 935 498 998 Graecum
513 943 691 996 auctorem
708 932 854 995 dilucide
873 950 917 995 ex
929 933 1024 996 Sexti
1043 933 1130 996 libro
1145 932 1402 1012 cognoscimus:

206 1045 246 1122 (ξ
264 1040 333 1122 168)
354 1040 455 1102 Ἀλλὰ
478 1042 515 1116 δὴ
538 1040 634 1102 πόλιν
655 1041 714 1115 τήν
730 1040 763 1101 έν
778 1040 911 1115 τούτοις·
920 1043 987 1102 τῶν
1001 1044 1227 1118 γραμματικῶν
1243 1039 1402 1118 ἀκρίβειαν

207 1149 488 1226 κατανοήσαντες,
517 1148 598 1225 φέρε
627 1149 677 1209 καὶ
706 1151 763 1223 τῆς
793 1147 827 1209 έν
856 1152 901 1230 τῷ
931 1148 1069 1224 γράφειν
1097 1147 1204 1210 αὐτῶν
1234 1148 1402 1224 δυνάμεως

207 1257 492 1334 ἀποπειραθώμεν.
523 1254 580 1333 τὴν
612 1257 673 1333 γὰρ
706 1255 932 1333 όρθογραφίοιν
963 1257 1066 1332 φασὶν
1098 1256 1132 1318 έν
1164 1259 1248 1333 τρισὶ
1276 1261 1403 1328 κεῖσθαι

205 1364 355 1441 τρόποις,
386 1363 551 1440 ποσότητι,
582 1362 734 1438 ποιότητι,
767 1367 925 1444 μερισμιβ
955 1362 1112 1438 ποσότητι
1142 1365 1197 1440 μέν
1227 1362 1295 1441 οὖν,
1323 1361 1402 1426 ὅταν

208 1475 358 1549 Ζητῶμεν
375 1472 400 1534 εἰ
421 1475 492 1546 ταῖς
512 1474 654 1546 δοτικαῑς
668 1469 870 1546 προσθετέον
884 1470 922 1530 τὸ
937 1481 961 1543 ῑ,
977 1471 1027 1532 καὶ
1043 1469 1211 1548 εὐχάλινον
1228 1471 1278 1532 καί
1293 1470 1402 1532 εὐώδι-

207 1598 276 1654 νας
295 1584 340 1661 τῷ
362 1589 375 1640 t
396 1578 497 1656 μόνον
518 1577 678 1654 γραπτέον
701 1577 719 1652 ἢ
742 1581 779 1656 τῇ
803 1583 846 1638 a·
867 1577 1009 1652 ποιότητι
1026 1577 1069 1654 δέ,
1085 1575 1165 1640 ὅταν
1182 1578 1401 1664 σκεπτώμεβα,

208 1686 353 1763 πότερον
376 1686 428 1748 διὰ
454 1688 512 1747 τοῦ
539 1681 556 1750 ἶ
576 1685 736 1762 γραπτέον
760 1685 827 1747 ἐστὶ
848 1686 885 1746 τὸ
909 1685 1036 1762 σμιλίον
1057 1687 1107 1746 καὶ
1128 1681 1185 1762 τὴν
1207 1685 1359 1764 Σμύρναν
1381 1687 1400 1762 ἣ
1488 1721 1491 1728 ·

210 1793 268 1854 διὰ
292 1795 349 1854 τοῦ
376 1796 413 1855 δ’
437 1797 581 1880 μερισμῷ
611 1792 661 1869 δέ,
692 1791 819 1854 ἐπειδὰν
849 1795 1054 1874 οιαπορῶμεν
1083 1794 1153 1869 περὶ
1181 1797 1239 1868 τῆς
1268 1792 1401 1870 ὄβριμος

211 1901 342 1974 λέξεως,
372 1899 511 1976 πότερόν
543 1919 620 1961 ποτε
649 1899 686 1962 τὸ
714 1903 732 1980 β
760 1904 818 1974 τῆς
848 1899 1000 1976 δευτέρας
1029 1899 1098 1962 ἐστὶ
1127 1899 1293 1978 συλλαβῆς
1322 1895 1402 1978 ἀρχὴ

210 2007 231 2083 ἢ
255 2011 314 2082 τῆς
334 2006 579 2083 προηγουμένης
600 2007 709 2084 πέρας,
741 2008 792 2070 καὶ
814 2006 862 2070 ἐπὶ
883 2009 941 2068 τοῦ
960 2006 1132 2083 Ἀριστίων
1155 2006 1317 2084 ὀνόματος
1337 2009 1401 2071 uoti

210 2115 347 2176 τακτέον
369 2115 406 2175 τὸ
429 2115 460 2175 ὃ.

322 2221 408 2284 Tres
439 2230 559 2300 partes
580 2222 809 2302 Asclepiades
835 2224 903 2286 hoc
931 2226 1018 2301 loco,
1051 2232 1089 2286 ut
1114 2223 1199 2301 aliis
1229 2223 1400 2288 discernit

210 2331 369 2410 Regulae
395 2329 531 2408 singula
554 2330 663 2392 verba
685 2329 857 2392 scribendi
879 2331 972 2409 apud
994 2319 1139 2393 Sextum
1160 2349 1231 2392 non
1252 2339 1400 2407 exstant,

211 2437 278 2500 sed
297 2437 475 2516 imprimis
499 2455 589 2517 quae
611 2437 758 2500 diversis
780 2437 892 2502 modis
913 2439 1015 2501 scribi
1029 2433 1176 2518 possunt
1190 2440 1308 2515 verba,
1324 2456 1401 2517 pro

210 2545 371 2608 feruntur
392 2555 430 2608 ut
452 2546 470 2624 β
496 2545 639 2616 ί73γ174ῑ
662 2543 841 2621 οὐδὲνγὰρ
866 2545 1078 2622 βλαπτόμεθα,
1101 2546 1157 2608 ἐάν
1178 2565 1212 2606 τε
1234 2547 1296 2608 σὺν
1318 2550 1363 2626 τῷ
1388 2555 1401 2606 t

209 2651 391 2729 γράφωμεν
412 2647 469 2728 τὴν
486 2648 619 2728 ,δοτικὴν
640 2656 765 2714 πτῶσιν
787 2651 844 2714 έάν
865 2671 899 2713 τε
915 2649 968 2730 μή,
988 2654 1038 2714 καὶ
1054 2653 1109 2714 έάν
1131 2672 1164 2714 τε
1184 2654 1236 2714 διὰ
1250 2656 1308 2714 τοῦ
1326 2648 1398 2716 otri

211 2758 341 2835 σμιλίον
362 2760 413 2820 καὶ
434 2754 490 2835 τήν
513 2759 664 2836 Σμύρναν
688 2759 744 2820 ἐάν
766 2779 799 2820 τε
822 2761 874 2820 διὰ
895 2763 953 2821 τοῦ
975 2758 995 2826 ἶ
1015 2760 1130 2822 καὶέπὶ
1151 2763 1208 2850 toti
1226 2760 1399 2837 Ἀριστίων

211 2865 376 2942 ὀνόματος
405 2865 461 2927 ἐάν
487 2885 520 2926 τε
546 2871 582 2945 τῇ
609 2867 836 2947 προηγουμένη
861 2869 1007 2947 συλλαβῇ
1029 2869 1066 2928 τὸ
1089 2869 1113 2930 σ
1133 2868 1398 2944 προσμερίζιυμεν

211 2973 270 3035 ἐάν
292 2993 325 3034 τε
346 2978 382 3054 τῇ
406 2973 621 3060 ἐπιφερομένη
643 2976 741 3034 τοῦτο
765 2976 991 3051 συντάττωμεν
1013 2995 1039 3038 κ.
1056 2995 1080 3036 τ.
1097 2978 1123 3036 λ.
1166 2976 1273 3040 Simili
1294 2977 1400 3038 modo

209 3080 441 3157 Quintilianus
469 3082 615 3144 usitatas
642 3082 814 3146 scribendi
834 3086 979 3163 regulas
998 3087 1101 3164 plane
1122 3085 1196 3148 lere
1219 3085 1343 3148 omittit
1365 3094 1399 3147 et

210 3197 346 3251 tanturn
374 3190 492 3266 verba,
522 3207 611 3268 quae
638 3190 813 3269 quomodo
841 3191 1036 3255 scribantur
1064 3211 1134 3254 non
1156 3201 1301 3269 constat,
1323 3211 1399 3272 pcr-

210 3305 338 3358 tractat
360 3296 415 3376 (cl.
438 3315 466 3359 c.
489 3298 552 3360 VII
576 3299 619 3376 ll:
651 3299 776 3362 »Cuius
806 3317 863 3362 ars
891 3318 961 3362 non
988 3300 1024 3364 in
1045 3302 1112 3364 hoc
1133 3301 1248 3380 posita
1270 3309 1331 3376 est,
1360 3310 1397 3364 ut

209 3384 421 3480 noverimus
450 3405 573 3483 quibus
603 3423 760 3486 quaeque
790 3409 925 3485 syllaba
947 3407 1068 3470 litteris
1091 3418 1226 3472 constet
1249 3410 1342 3486 (nam
1363 3408 1398 3472 id

210 3510 350 3590 quidem
378 3510 468 3574 infra
495 3513 713 3590 grammatici
740 3514 894 3578 officium
924 3519 998 3593 est),
1028 3517 1091 3578 sed
1112 3525 1230 3592 totam,
1259 3507 1296 3578 ut
1319 3515 1412 3578 mea

210 3619 279 3681 fert
301 3617 426 3698 opinio,
449 3619 674 3682 subtilitatem
694 3621 729 3684 in
752 3622 862 3684 dubiis
884 3623 1017 3685 habet«

322 3727 489 3790 Voluerat
512 3729 749 3808 Quintilianus
778 3741 816 3793 ut
843 3731 918 3810 ipse
940 3731 989 3794 IV
1013 3732 1049 3793 17
1071 3732 1206 3809 indicat,
1229 3733 1395 3794 hocloco

210 3838 310 3914 plura
343 3835 386 3896 de
418 3836 561 3914 syllabis
593 3837 764 3916 proferre,
791 3856 880 3917 quae
910 3849 1004 3901 certe
1032 3839 1168 3902 viderat
1198 3840 1290 3918 apud
1319 3858 1396 3902 auc-

209 3953 322 4004 torem
344 3960 455 4004 suum.
481 3942 551 4006 Sed
565 3945 728 4022 promissi
741 3946 925 4008 immemor
939 3965 1052 4025 pauca
1067 3945 1109 4008 de
1124 3947 1237 4027 longis
1253 3948 1396 4026 syllabis

210 4050 308 4130 apice
333 4050 495 4112 notandis
523 4051 712 4130 praefatus
742 4055 779 4132 βξ
802 4054 882 4115 4--8
902 4055 973 4130 περὶ
993 4055 1197 4133 ποιότητοςέ)
1220 4055 1274 4134 (ct.
1300 4056 1396 4119 Sexti

320 4203 339 4261 ¹)
357 4201 398 4253 Cf.
416 4203 430 4264 β
447 4215 473 4258 4:
493 4202 630 4252 »Similiter
646 4212 799 4266 putaverunt
816 4206 858 4252 illa
876 4221 977 4268 quoque
995 4207 1121 4254 servanda
1138 4207 1292 4267 discrimina,
1309 4204 1394 4254 ut‘ex’

209 4291 437 4354 praepositionem,
455 4293 476 4340 si
494 4293 599 4340 verbum
617 4303 766 4356 sequeretur
780 4294 890 4357 ‘specto'
905 4295 1006 4343 adiecta
1018 4297 1145 4344 secundae
1158 4297 1269 4360 syllabae
1280 4313 1291 4343 s
1304 4297 1395 4355 littera,

210 4383 231 4428 si
245 4380 342 4444 ‘pecto’
365 4392 465 4430 remota
487 4384 663 4432 scriberemus.
697 4386 742 4432 illa
765 4400 865 4448 quoque
888 4395 988 4434 servata
1010 4395 1048 4435 est
1066 4404 1081 4434 a
1097 4389 1183 4436 multis
1201 4389 1351 4446 differentia,
1369 4395 1395 4436 ut
