3168 5066
749 427 944 489 ..28-

254 617 415 680 ostendit.
426 618 449 695 ¹)
475 615 592 695 Pergit
613 615 742 678 Fabius
764 617 781 694 §
807 615 856 677 19:
882 615 1026 677 »Noster
1047 633 1163 678 sermo
1186 615 1350 679 articulos
1372 635 1441 678 non

256 725 439 800 desiderat,
461 725 608 803 ideoque
629 723 664 785 in
685 722 771 785 alias
793 730 912 802 partes
934 717 1099 785 orationis
1122 732 1342 803 sparguntur.
1372 723 1441 787 Sed

255 833 389 896 accedit
411 831 646 912 superioribus
667 830 887 894 interiectio«
918 830 984 892 Hic
1006 830 1081 893 sine
1094 831 1206 915 ‚dubio
1229 831 1361 894 iontem
1376 831 1440 894 La-

254 939 364 1002 tinum
386 938 605 1015 offendimus,
634 937 692 1017 qui
714 937 857 1000 articulo
881 937 994 1000 deleto
1017 937 1289 1002 interiectionem
1310 938 1438 1014 inserit,

254 1057 292 1110 ut
306 1065 472 1110 numerus
486 1063 614 1108 novem
629 1045 779 1126 partium
791 1054 1018 1108 conservetur
1030 1043 1238 1108 Conferatur
1250 1045 1439 1110 Diomedes

256 1154 346 1233 (Keil
359 1141 653 1231 1300,2.'-301,2):
672 1153 812 1214 »Partes
828 1151 993 1214 orationis
1013 1161 1092 1214 sunt
1108 1164 1195 1230 octo,
1211 1170 1347 1230 nomen,
1363 1173 1439 1232 pro-

253 1279 391 1337 nomen,
424 1262 579 1334 verbum,
612 1259 839 1341 participium,
869 1260 1081 1330 adverbium,
1112 1260 1315 1338 coniunctio,
1342 1279 1439 1342 prae-

253 1369 389 1449 positi0,
417 1369 622 1447 interiectio;
659 1367 790 1432 Scauro
827 1368 963 1430 videtur
992 1377 1026 1430 et
1054 1369 1250 1448 appellatio.
1303 1370 1357 1432 Ex
1385 1371 1438 1432 his

252 1475 387 1556 primae
413 1484 575 1556 quattuor
601 1475 823 1540 declinabiles
846 1485 934 1547 sunt,
963 1485 1149 1555 sequentes
1170 1476 1437 1540 indeclinabiles.

253 1583 366 1647 Latini
388 1585 578 1661 articulum,
602 1583 1021 1652 Graeciinteriectionem
1042 1602 1111 1646 non
1134 1585 1392 1648 adnumerant«.

361 1691 434 1754 Iam
449 1692 494 1754 ad
507 1691 715 1767 παρεπόμενα
730 1691 901 1767 ὀνομάτων
916 1692 1040 1754 transit
1055 1701 1089 1754 et
1102 1692 1330 1770 Quintilianus
1343 1694 1373 1771 (β
1385 1693 1437 1772 22)

253 1809 289 1861 et
311 1799 438 1862 Sextus
461 1801 491 1878 (β
517 1799 594 1876 142).
624 1799 749 1861 Fusius
766 1800 808 1861 de
823 1800 891 1862 hac
906 1801 989 1863 artis
1005 1793 1104 1878 parte
1119 1799 1278 1878 Dionysii
1292 1799 1438 1862 Thracis

253 1905 443 1968 scholiasta
465 1906 545 1984 agit,
569 1906 626 1985 qui
648 1906 807 1985 (Hilgard
829 1926 860 1986 p.
876 1908 990 1986 atum)
1013 1909 1057 1970 ad
1078 1909 1187 1971 verba
1208 1909 1379 1985 παρέπεται
1403 1910 1438 1968 οε

253 2018 299 2096 τῷ
316 2013 449 2090 ὀνόματι
467 2015 569 2087 πέντε,
590 2015 676 2092 γένη,
699 2014 776 2092 είδη,
797 2016 953 2093 σχήματα,
971 2016 1107 2094 ἀριθμοί,
1125 2017 1265 2091 πτώσεις
1280 2017 1435 2079 adnotat:

253 2119 487 2196 Παρεπόμενον
520 2121 556 2181 δέ
585 2121 652 2183 ἐστι
683 2123 895 2201 συμβεβηκός,
929 2124 946 2185 ὃ
977 2125 1176 2201 συμβέβηκεν
1206 2125 1390 2202 ἀχώριστον
1417 2125 1435 2199 ἢ

254 2229 425 2306 χωριστόν,
449 2227 632 2304 ἀχώριστον
656 2229 721 2306 μέν,
744 2229 789 2305 ὡς
806 2230 927 2292 Αἰθίοπι
949 2233 985 2292 τὸ
1009 2223 1116 2308 μέλαν,
1138 2233 1299 2308 χωριστόν
1322 2233 1367 2309 δέ,
1391 2234 1437 2307 όυς

252 2334 323 2411 ἐμοὶ
344 2335 381 2395 τὸ
405 2336 611 2398 καθέζεσθαι·
632 2339 728 2397 τοῦτο
746 2337 857 2414 όέούχ
873 2338 947 2414 ἑνός
963 2339 1030 2400 ἐστι
1046 2338 1148 2413 μόνου
1166 2338 1436 2420 [πραρεπόμενυν]

254 2441 326 2504 οἷον
348 2443 384 2504 τό
401 2443 499 2519 μέλαν
520 2443 649 2516 Αἰθίοπι,
666 2443 785 2520 κόρακι,
800 2446 901 2526 πίσσῃ
925 2447 1136 2525 (παρέπεται)Ι
1161 2445 1247 2507 οὕτω
1270 2448 1320 2507 καὶ
1341 2447 1436 2521 γένος

253 2552 303 2611 καὶ
326 2544 412 2624 εἶδος
435 2551 546 2612 καὶτὰ
569 2551 663 2612 λοιπὰ
686 2551 724 2612 οὐ
748 2552 850 2628 μόνου
871 2556 928 2614 τοῦ
951 2554 1122 2630 ὀνόματος,
1146 2563 1179 2616 et
1202 2553 1357 2618 similiter
1378 2554 1436 2616 ibi-

250 2659 332 2722 dem
354 2677 384 2738 p.
408 2660 518 2734 βάθρα.
555 2659 763 2722 Conferatur
784 2679 875 2722 nunc
897 2661 994 2722 Fabii
1016 2663 1033 2740 β
1053 2662 1092 2723 22
1114 2663 1154 2740 (c.
1170 2662 1244 2739 IV):
1270 2662 1436 2724 »Nomina

250 2767 425 2829 declinare
455 2777 488 2829 et
517 2768 626 2830 verba
653 2767 820 2846 imprimis
849 2769 947 2847 pueri
975 2769 1113 2831 sciant«
1147 2779 1181 2831 et
1202 2769 1299 2832 Sexti
1321 2771 1339 2848 β
1364 2771 1433 2832 tlt:

1306 2896 1419 2953 ρητεον

251 2981 404 3058 ἐμβάντες
427 2984 462 3042 δέ
484 2983 607 3058 εἰςτὰς
629 2984 708 3044 κατὰ
731 2983 828 3060 μέρος
849 2985 922 3060 παρ’
947 2983 1059 3058 αὐτοῖς
1080 2985 1150 3060 περὶ
1177 2984 1303 3045 τούτων
1327 3003 1434 3061 τεχνο-

251 3089 362 3164 λογίας
382 3089 485 3151 πολὺν
509 3093 608 3166 λῆρον
631 3090 822 3167 εὑρήσομεν.
844 3093 894 3152 καὶ
915 3094 1011 3152 τοῦτο
1033 3091 1168 3168 πάρεστι
1184 3096 1296 3169 μαθεῖν
1312 3092 1371 3154 οὐκ
1386 3091 1434 3154 ἐπὶ

249 3197 308 3271 τήν
323 3199 433 3258 πᾶσαν
449 3194 529 3272 ίίλην
546 3199 769 3274 φοιτήσαντας
785 3199 982 3277 (ἀδόλεσχον
997 3198 1057 3275 γάρ
1074 3199 1142 3259 ἐστι
1158 3199 1207 3259 καὶ
1216 3203 1433 3276 γραμματικῆς

249 3304 444 3379 γραολογίας
465 3307 607 3392 πλῆρες),
630 3304 699 3366 ἀλλ’
723 3305 836 3383 ὅμοιόν
858 3325 885 3368 τι
901 3311 971 3380 τοῑς
987 3305 1214 3380 οίνοκαπήλοις
1229 3306 1433 3381 ποιήσαντες,

251 3412 301 3471 καὶ
330 3411 368 3472 ὃν
394 3412 515 3488 τρόπον
538 3413 653 3474 ἐκεῖνοι
676 3414 707 3477 ἐξ
729 3415 838 3488 ὀλίγου
861 3416 1020 3491 γεύματος
1041 3415 1097 3475 τὸν
1121 3412 1200 3476 ὅλον
1224 3414 1433 3490 δοκιμάζουσι

251 3519 386 3595 φόρτον,
403 3519 488 3582 obtul
505 3522 554 3582 καὶ
570 3522 660 3583 αὐτοὶ
682 3523 716 3583 ἓν
740 3523 838 3596 λόγου
860 3524 956 3600 μέρος
977 3522 1267 3599 προχειρισάμενοι,
1289 3520 1432 3596 καθάπερ

249 3626 286 3686 τό
316 3629 428 3703 ὄνομα,
455 3628 489 3688 ἐκ
514 3632 571 3703 τῆς
597 3631 666 3705 περὶ
692 3629 809 3691 τούτου
836 3630 1043 3707 τεχνολογίας
1066 3625 1281 3706 συνοψόμεθα
1303 3630 1353 3689 καὶ
1374 3629 1432 3704 τὴν

250 3733 284 3793 ἐν
300 3734 370 3808 τοῖς
386 3733 497 3810 ἄλλοις
511 3739 576 3797 τῶν
592 3742 817 3813 γραμματικῶν
834 3738 1021 3815 ἑντρέχειαν.
1044 3739 1171 3802 Sextus
1187 3737 1290 3815 igitur
1304 3736 1360 3798 hic
1374 3755 1432 3798 no·

249 3841 342 3904 mina
356 3851 490 3904 tantum
505 3853 751 3922 perscrutatur,
775 3865 921 3926 quorum
937 3864 1067 3925 genera
1083 3857 1116 3909 et
1131 3845 1265 3907 numeri
1283 3862 1432 3906 comme·

248 3959 437 4026 morantur,
460 3950 661 4014 omittuntur
684 3971 786 4016 casus
816 3956 955 4034 (§142):
985 3954 1100 4015 Αὐτίκα
1127 3934 1235 4014 τοίνυν
1262 3951 1339 4012 ὅταν
1365 3955 1430 4012 τῶν

249 4055 421 4132 ὀνομάτων
447 4059 486 4118 τὰ
516 4060 572 4134 μἐν
602 4060 755 4134 ἀρσενικὰ
786 4065 886 4140 φάσει
913 4063 1040 4138 λέγωσι,
1063 4061 1102 4122 τὰ
1124 4061 1159 4120 δέ
1182 4059 1312 4134 θηλυκά,
1335 4059 1373 4119 τὰ
1396 4059 1431 4118 δέ

248 4159 462 4166 m—

357 4221 375 4280 ¹)
392 4219 473 4266 Recte
496 4221 571 4282 igitur
593 4221 707 4282 Uhligius
729 4223 816 4284 (Dion.
839 4223 932 4271 Thrac.
954 4239 994 4269 ars
1012 4239 1089 4284 gram,
1111 4237 1135 4284 p.
1153 4225 1215 4280 23‚2)
1238 4219 1430 4282 Quintilianum,

247 4323 306 4355 cum
328 4310 352 4355 in
374 4309 423 4356 fine
441 4309 473 4355 de
491 4319 551 4357 octo
569 4311 609 4357 vel
625 4327 717 4358 novem
735 4316 849 4375 partibus
872 4315 1003 4370 orationis,
1023 4329 1084 4374 quas
1103 4313 1178 4358 etiam
1197 4327 1226 4358 cx
1241 4311 1359 4371 Dionysii
1376 4317 1430 4355 arte

247 4399 373 4456 novimus,
390 4398 514 4461 loquatur,
533 4399 581 4446 hoc
599 4399 664 4447 libro
683 4402 738 4463 ipso
756 4418 828 4450 usum
848 4419 904 4450 esse
922 4411 1005 4463 negat.
