3168 5066
770 430 966 492 ,42-

275 635 342 704 est;
364 625 409 692 de
429 622 553 702 iigenis
575 632 701 694 autem,
723 636 802 682 cum
823 619 869 680 ad
889 625 1001 680 artem
1021 616 1233 680 rhetoricam
1254 617 1463 696 pertineant,

275 733 342 796 alio
357 734 435 794 loco
451 729 520 808 (lib.
532 727 580 790 IX
591 745 620 792 c.
636 726 726 804 1-3)
743 725 865 804 agitur.
885 723 1035 788 Partitur
1045 723 1175 786 Fabius
1191 725 1460 804 barbarismum,

275 841 332 924 qui
347 840 387 904 iit
401 840 435 902 in
450 836 633 900 scribendo
649 835 831 916 ata-17),
841 843 879 896 ut
893 832 963 896 iam
977 849 1084 911 supra
1095 834 1462 908 commemoravimus

275 952 342 1012 hoc
363 948 481 1011 modo:
512 944 734 1008 »continetur
754 943 821 1004 hoc
843 941 976 1004 vitium:
1004 939 1207 1015 adiectione,
1234 941 1461 1018 detractione,

274 1055 522 1129 immutatione,
545 1050 862 1116 transmutatione«.
895 1048 1029 1111 Deinde
1044 1047 1247 1126 priusquam
1263 1049 1308 1110 ad
1324 1049 1462 1129 singula

276 1185 314 1228 se
342 1172 524 1226 convertat
552 1160 649 1222 Fabii
676 1167 811 1230 auctor,
845 1158 932 1220 hacc
966 1156 1040 1218 iere
1072 1156 1115 1218 dc
1146 1155 1224 1234 ipso
1253 1157 1460 1222 barbarismi

278 1273 447 1335 vocabulo
469 1267 657 1349 praefatur,
686 1284 776 1346 quae
797 1265 941 1328 Graecis
963 1264 1079 1326 verbis
1101 1264 1250 1342 primum
1273 1267 1461 1345 perspicui-

275 1380 356 1443 tatis
372 1395 478 1441 causa
494 1375 689 1455 exprimere
703 1374 819 1436 liceat:
838 1375 954 1449 τριχῶς
969 1373 1090 1444 λέγεται
1105 1371 1124 1432 ὁ
1138 1369 1378 1450 βαρβαρισμὸς·
1394 1375 1460 1436 κατ’

276 1489 381 1564 ἔθνος,
409 1486 475 1546 κατ’
498 1483 579 1559 ἠθος
598 1482 678 1542 κατὰ
699 1479 956 1558 γραμματικήν.’“)
982 1470 1210 1557 Quintilianus
1238 1481 1288 1542 sic
1309 1483 1463 1562 loquitur

276 1595 321 1657 (V
344 1595 362 1656 7
384 1595 484 1672 sqq.):
514 1591 687 1654 doctiores
708 1590 818 1650 multa
838 1587 995 1663 adicient,
1017 1591 1074 1650 vel
1095 1589 1162 1649 hoc
1183 1589 1344 1667 primum,
1368 1593 1460 1670 quod

275 1701 529 1766 barbarismum
551 1698 704 1777 pluribus
726 1696 838 1758 modis
860 1695 1058 1774 accipimus,
1088 1695 1203 1757 Unum
1225 1705 1340 1776 gente,
1358 1701 1460 1778 quale

275 1813 323 1890 fit,
353 1813 380 1874 si
408 1811 483 1890 quis
513 1809 639 1872 Afrum
668 1809 725 1869 v'el
754 1806 949 1886 Hispanum
977 1805 1122 1868 Latinae
1155 1805 1302 1868 orationi
1331 1825 1460 1870 nomen

275 1921 443 1986 inserat..
457 1967 483 1980 ..
507 1917 536 1996 (θ
557 1917 600 1994 θ).
630 1916 789 1978 Alterum
804 1931 915 1993 genus
930 1913 1136 1976 barbarismi
1151 1914 1351 1993 accipimus,
1368 1917 1460 1995 quod

274 2029 313 2092 iit
335 2027 439 2090 animi
466 2035 600 2100 natura,
629 2034 667 2086 ut
691 2023 730 2098 is,
753 2041 775 2084 a
797 2041 864 2101 quo
885 2023 1073 2086 insolenter
1095 2021 1176 2100 quid
1197 2031 1256 2083 aut
1278 2022 1460 2086 minaciter

276 2147 334 2200 aut
363 2134 546 2198 crudeliter
574 2131 702 2195 dictum
725 2131 777 2206 sit,
798 2131 947 2192 barbare
968 2132 1104 2191 locutus
1126 2129 1344 2192 existimatur
1367 2131 1396 2212 (ἓ
1418 2134 1459 2209 9).

276 2245 303 2308 Τ
306 2244 429 2306 ertium
461 2250 514 2304 est
542 2241 624 2302 illud
645 2239 765 2302 vitium
794 2238 1009 2308 barbarismi,
1042 2237 1138 2300 cuius
1165 2241 1326 2318 cntempla
1353 2242 1459 2320 vulgo

275 2360 355 2414 sunt
376 2349 533 2432 plurima,
557 2347 620 2412 sibi
641 2348 745 2410 etiam
767 2347 912 2428 quisque
933 2345 1067 2428 fingere
1082 2355 1208 2424 potest,
1227 2355 1265 2407 ut
1281 2347 1390 2408 verbo
1406 2347 1462 2408 cui

275 2457 401 2534 libebit,
431 2455 556 2520 adiciat
584 2455 732 2518 litteram
762 2455 979 2532 syllabamve
1008 2455 1064 2514 vel
1091 2453 1251 2516 detrahat
1274 2465 1333 2516 aut
1355 2455 1459 2518 aliam

276 2585 339 2648 pro
359 2565 425 2628 alia
441 2576 500 2627 ant
516 2563 662 2626 eandem
678 2562 754 2638 alio,
771 2579 874 2641 quam
889 2569 1022 2622 rectum
1038 2569 1099 2636 est,
1115 2562 1192 2621 loco
1207 2570 1315 2640 ponat
1330 2561 1361 2641 (ἕ
1379 2563 1415 2624 10
1418 2577 1457 2639 ).«

276 2674 341 2740 Hic
363 2673 477 2752 (tertia
497 2673 592 2752 pars)
616 2681 668 2732 est
689 2671 745 2733 ille
767 2670 1012 2744 barbarismus
1035 2668 1092 2747 qui
1113 2667 1279 2748 imprimis
1303 2688 1324 2731 a
1346 2688 1460 2749 gram-

276 2782 402 2846 matico
417 2787 658 2861 pertractatur,
678 2779 722 2840 ad
737 2795 840 2858 quem
854 2777 1041 2856 respiciunt
1056 2776 1134 2838 illae
1150 2777 1184 2838 in
1200 2776 1283 2838 vitia
1297 2778 1460 2858 loquendi

277 2899 310 2953 et
332 2889 503 2954 scribendi
524 2887 735 2967 partitiones,
759 2903 846 2965 quas
868 2903 975 2964 supra
997 2884 1029 2963 (§
1051 2887 1082 2963 6)
1105 2885 1295 2962 legimus.²)

348 3011 359 3018 v
364 3009 489 3016 -—--.-—

384 3060 403 3118 ¹)
413 3058 536 3120 Exemplo
550 3073 602 3104 rem
615 3057 780 3104 illustremus:
794 3065 927 3102 tractatum
940 3054 1003 3116 περὶ
1015 3053 1184 3116 προσψδῑών
1197 3055 1233 3100 sic
1244 3055 1334 3116 incipit
1343 3055 1461 3103 Chaero-

277 3149 370 3198 boseus
388 3148 483 3210 (Schol,
502 3147 609 3208 Dionys.
627 3147 719 3194 Thrac¹
740 3157 819 3204 ¹2⁴·2s
835 3146 926 3206 Hilg.):
943 3144 1048 3196 Ἰπτέον
1066 3143 1110 3194 ὅτι
1126 3146 1227 3205 τριχῶς
1240 3142 1351 3203 λέγεται
1363 3144 1379 3207 ἡ
1393 3157 1460 3207 προ-

276 3239 377 3304 optio·
397 3238 442 3290 καί
463 3237 554 3303 <γὰρ>
571 3240 587 3302 ἡ
606 3237 682 3300 παρὰ
700 3238 760 3298 τοῖς
784 3236 938 3300 μουσικοῖς,
960 3232 1091 3284 τουτέστι
1108 3232 1141 3281 τὸ
1159 3231 1251 3293 στόμα
1269 3230 1314 3282 καὶ
1331 3231 1348 3296 ἡ
1367 3230 1460 3294 ἐκφώ-

276 3342 355 3394 νησις
382 3333 441 3380 τῶν
470 3328 574 3390 αὐλῶν,
597 3327 708 3389 λέγεται
729 3323 888 3389 προσῳδία·
913 3322 957 3374 καὶ
979 3324 995 3387 ἡ
1014 3323 1044 3373 ἐν
1068 3326 1102 3386 τῇ
1125 3321 1287 3386 ἐκφωνήσει
1313 3322 1459 3384 γινομένη,

277 3419 424 3470 τουτέστιν
448 3417 478 3467 ἐν
501 3422 541 3482 τῷ
563 3416 771 3480 παροξύνεσθαι
794 3415 866 3465 λέξιν
888 3414 905 3477 ἢ
924 3413 1073 3464 ὀξύνεσθαι
1098 3411 1114 3476 ἢ
1136 3414 1327 3474 περισπᾶσθαι
1348 3411 1460 3473 λέγεται

277 3509 434 3573 προσιροία·
454 3509 499 3560 καὶ
517 3508 601 3568 αὐτὸς
620 3507 635 3558 ὁ
653 3504 796 3570 χαρακτὴρ
813 3508 872 3554 τῶν
890 3503 984 3553 τόνων
996 3500 1040 3552 καὶ
1052 3505 1110 3552 τῶν
1123 3500 1236 3562 χρόνων
1248 3499 1294 3551 καὶ
1305 3504 1365 3551 τῶν
1377 3515 1460 3552 πνευ-

278 3598 383 3659 μάτων,
402 3614 424 3648 ιτ.
443 3613 465 3648 τ.
484 3599 506 3648 λ.
540 3598 579 3644 nn
602 3612 654 3642 rein
673 3610 687 3639 a
705 3595 889 3642 Choerobosco
911 3602 1044 3640 tractatam
1066 3592 1183 3638 nonnisi
1202 3592 1303 3638 tertium
1322 3592 1461 3652 prosodiae

278 3703 356 3744 ucnns
375 3689 492 3748 pertinet.
516 3689 672 3748 Cornparato
686 3689 735 3732 iam
748 3685 906 3746 Quintiliano
919 3692 1031 3745 apparet,
1045 3691 1071 3729 ut
1084 3681 1299 3729 Reitzensteinius
1312 3696 1352 3728 me
1365 3693 1460 3738 monet,

279 3791 328 3822 non
347 3776 427 3822 solunt
447 3777 512 3822 linnc
531 3775 721 3824 einrnncntandi
739 3789 836 3820 rnorem
855 3775 879 3820 in
897 3783 950 3819 arte
968 3773 1134 3834 grammatica
1146 3779 1320 3833 pervetustum
1333 3787 1398 3832 esse,
1415 3772 1460 3818 sed

279 3867 355 3912 crinin
375 3867 494 3912 l'onnnlns
509 3867 768 3926 intnnlnctinnesque,
782 3865 872 3925 quibus
886 3863 1084 3910 (boeroboscns
1097 3863 1189 3924 aliique
1200 3871 1303 3909 utuntur
1316 3863 1365 3908 iam
1378 3863 1460 3926 priino

279 3971 301 4016 p,
316 3956 409 4006 (“1ιι.ιι,
424 3956 526 4000 sacculo
539 3955 665 4001 adhibitas
680 3971 744 4002 esse.
769 3954 849 3999 'l'otns
868 3953 934 3999 enirn
948 3953 1098 4014 Quintiliani
1111 3961 1233 3999 tractatus
1246 3952 1304 3999 inde
1316 3953 1459 4000 illustratur

385 4045 405 4090 ll
424 4045 550 4090 Usenerns
569 4045 594 4102 (l.
613 4045 626 4090 l.
645 4060 668 4105 ρ,
686 4044 743 4104 (ι28)
764 4044 829 4090 lianc
850 4043 923 4089 hnins
946 4051 1068 4089 tractatus
1091 4049 1124 4101 (c.
1142 4041 1164 4088 V
1182 4046 1270 4102 5-34)
1295 4043 1459 4104 partitionem

279 4135 386 4196 profert:
408 4134 469 4182 *ilie
488 4152 527 4182 ιιιιι
547 4135 677 4181 einzelnen
696 4135 768 4182 Wort
786 4135 952 4195 begnngenen
971 4132 1269 4194 Sp1·acliielrlerkiinneri
1289 4132 1422 4180 entstehen

386 4225 415 4272 A.
434 4225 511 4270 ιΙιιιυΙι
529 4226 697 4286 Ami-ennom
716 4243 764 4274 ton
782 4227 983 4280 Frenuln'orten,

386 4315 411 4366 B,
430 4315 507 4360 ‹lnroli
528 4315 618 4361 l-'elnn-
636 4317 679 4361 iles
699 4316 819 4362 llcnlrcns
838 4317 900 4362 oder
918 4313 1094 4375 liniplindens,

388 4407 416 4456 C.
435 4407 458 4452 in
477 4405 520 4451 tier
540 4405 641 4462 Sclnilt,
