3168 5066
710 431 907 492 *70-

227 617 395 681 derivatio
428 618 525 680 verbi
558 618 675 694 λύχνος
704 617 767 678 ἀπὸ
795 620 853 679 τού
883 616 969 680 λύειν
996 618 1033 678 τὸ
1062 618 1170 695 νύχος,
1199 635 1289 698 quae
1318 618 1411 697 apud

227 727 371 790 Sextum
393 727 424 804 (δ
445 725 517 806 243)
540 726 698 801 occurrit,
721 725 919 788 Aristonico
942 726 985 788 ab
1009 726 1138 789 Orione
1161 727 1274 805 (1194,
1301 728 1337 789 16
1359 728 1410 790 ed.

227 834 339 912 Sturz)
359 821 586 896 adscribitur.
648 833 739 896 Nihil
770 833 849 896 inde
881 835 1048 913 probatur
1079 834 1144 896 nisi
1175 834 1412 898 Aristonicum

227 960 364 1022 quoque
384 942 611 1006 vetustiorem
630 943 731 1006 huius
745 941 845 1004 verbi
860 942 1124 1022 originationem
1140 943 1306 1021 attulisse,
1323 943 1412 1005 sicut

225 1053 419 1129 permultae
447 1050 648 1113 Herodiano
680 1050 923 1112 adscribuntur
954 1033 1202 1130 etymologiae,
1236 1067 1323 1132 quas
1354 1050 1411 1113 ille

118 1166 121 1175 “
167 1221 170 1228 ,
226 1158 402 1220 veteribus
423 1157 547 1220 Stoicis
575 1167 739 1237 acceptas
762 1159 872 1220 debet.
915 1157 985 1220 Sed
1005 1158 1216 1221 Philoxenus
1237 1177 1320 1221 num
1341 1158 1411 1220 iam

227 1266 426 1345 Asclepiadi
453 1276 556 1328 notus
583 1266 695 1342 fuerit,
726 1276 835 1339 erunt,
865 1266 922 1346 qui
944 1266 1107 1330 dubitent.
1150 1267 1269 1346 Itaque
1290 1284 1412 1328 rursus

227 1374 432 1437 adhibeatur
451 1374 687 1453 fragmentum
708 1375 779 1449 περὶ
799 1377 856 1448 τῆς
880 1373 1078 1450 Νεστορίδος
1098 1374 1176 1436 libri
1190 1373 1411 1452 Asclepiadis

227 1483 319 1561 apud
329 1481 550 1544 Athenaeum
564 1484 595 1560 (l.
604 1482 652 1544 XI
663 1499 695 1561 p.
707 1483 803 1544 4771).
813 1482 899 1562 sqq.)
912 1490 1167 1544 conservatum.
1193 1481 1242 1544 lbi
1254 1482 1298 1560 (p.
1311 1481 1411 1557 477d)

227 1589 387 1668 legimus:
410 1588 546 1650 εἰκάσειε
568 1589 638 1650 δ’ἄν
659 1607 706 1664 τις
727 1589 764 1650 τὸ
786 1589 957 1666 κισσύβιον
972 1588 1009 1649 τὸ
1024 1591 1154 1664 πρῶτον
1171 1587 1233 1650 ὑπὸ
1248 1587 1411 1664 ποιμένων

227 1695 424 1771 ἐργασθῆναι
445 1695 479 1756 ἐκ
501 1694 649 1757 κισσίνου
670 1694 777 1758 ξύλου.
800 1693 893 1756 ἄλλοι
913 1695 949 1755 δέ
970 1694 1223 1771 ἐτυμολογοῦσιν
1246 1694 1324 1755 αὐτὸ
1347 1693 1411 1755 ἀπὸ

226 1805 283 1864 τού
299 1806 435 1880 χεῖσθαι,
450 1804 486 1864 τὸ
503 1803 602 1864 δ’ἐστὶ
616 1806 743 1881 χωρεῖν.
766 1805 803 1881 (σ
813 1804 862 1878 17)
880 1801 1000 1876 »οὐδὸς
1013 1803 1040 1863 δ’
1058 1801 1267 1879 ἀμφοτέρους
1282 1800 1339 1862 ὅδε
1354 1801 1413 1878 χεί-

227 1924 317 1971 σεται
332 1912 399 1974 καὶ.
413 1960 419 1974 .
433 1960 458 1973 ..
478 1911 574 1986 χειήκ.
589 1928 614 1972 τ.
631 1913 656 1972 λ.
678 1911 906 1974 Philoxenum
927 1909 1053 1988 respici
1074 1927 1119 1972 ex
1141 1909 1278 1973 Orionis
1299 1909 1413 1972 lexico

226 2020 270 2098 (p.
289 2019 354 2096 lot,
370 2021 421 2097 34)
443 2019 615 2095 discimus
638 2019 695 2081 ubi
716 2021 804 2082 haec
819 2028 972 2081 exstant:
995 2016 1058 2080 Χεὰ
1078 2019 1128 2079 καὶ
1143 2016 1218 2080 Χειά
1233 2017 1251 2079 ὁ
1268 2016 1412 2091 Φωλεύς,

225 2127 312 2202 παρὰ
339 2127 376 2187 τύ
405 2125 478 2203 χέω,
506 2124 545 2187 οὗ
575 2125 700 2201 μέλλων
728 2126 805 2202 μετὰ
831 2127 991 2201 περισσοῦ
1013 2127 1072 2185 τού
1093 2135 1106 2186 ῑ
1127 2125 1235 2201 χείσω.
1258 2126 1353 2199 δηλοῖ
1377 2124 1413 2184 δέ

225 2233 282 2294 τὸν
310 2236 428 2309 χωρεῖν
457 2232 638 2309 δυνάμενον
666 2233 779 2294 τύπον·
803 2232 889 2295 ούτω
913 2233 1098 2308 Φιλόξενος.
1116 2231 1269 2309 (Ὀμηρος
1293 2230 1412 2304 »οὐδὸς

227 2340 254 2400 δ’
268 2339 476 2417 ἀμφοτέρους
497 2337 554 2401 ὅδε
576 2321 731 2416 χέίσεταιι
756 2341 1000 2420 (Reitzenstein
1022 2344 1041 2404 l.
1057 2343 1078 2404 l.
1100 2359 1131 2420 p.
1147 2341 1209 2419 85).

333 2447 370 2509 In
396 2447 467 2509 fine
496 2447 618 2526 capitis
646 2448 695 2511 Vl
722 2449 753 2526 (ᾗ
775 2449 907 2526 39-45)
937 2448 1166 2526 Quintilianus
1195 2445 1348 2508 breviter
1370 2445 1413 2507 de

225 2563 410 2630 vetustate,
438 2555 653 2630 auctoritate,
681 2556 928 2618 consuetudine
951 2574 971 2620 a
991 2555 1087 2619 Sexti
1109 2563 1251 2618 auctore
1274 2552 1412 2616 omissis

227 2673 260 2726 et
281 2672 408 2743 postea
430 2663 494 2725 arti
516 2663 661 2726 Latinae
682 2663 820 2726 insertis
843 2663 924 2742 agit.

789 2941 848 3003 VI.

336 3077 474 3139 Transit
496 3075 617 3138 deinde
641 3084 762 3138 auctor
784 3077 828 3138 ad
848 3075 1134 3154 orthographiam
1151 3078 1206 3136 vel
1220 3083 1315 3136 recte
1331 3073 1413 3135 scri-

226 3185 329 3270 bendi
351 3185 509 3263 regulam
523 3184 816 3262 pertractandam.
850 3183 915 3260 Qui
930 3191 1099 3246 tractatus
1115 3192 1189 3245 arte
1206 3201 1284 3246 curn
1300 3181 1413 3260 capite

229 3292 277 3355 IV
289 3291 339 3372 (§§
351 3293 463 3369 6—17)
479 3292 652 3353 cohaeret.
672 3291 838 3353 Veterem
855 3290 1009 3352 ordinem
1026 3309 1046 3353 a
1060 3289 1256 3367 Quintiliani
1272 3296 1414 3352 auctore

229 3401 476 3479 perturbatum,
500 3417 521 3462 a
536 3399 642 3461 Sexto
658 3398 792 3460 servari
807 3415 913 3476 supra
927 3398 1085 3460 vidimus.
1118 3398 1229 3460 Huius
1244 3405 1415 3460 tractatus

230 3518 407 3569 auctorem
429 3507 675 3597 Asclepiadem
703 3505 810 3568 fuisse
839 3523 881 3566 eo
902 3505 942 3567 tlt
963 3505 1184 3584 probabilius,
1208 3505 1300 3584 quod
1321 3504 1415 3581 lllyr-

229 3616 368 3675 leanum
401 3615 443 3675 de
472 3613 723 3692 orthographia
751 3612 958 3674 tractavisse
994 3630 1037 3673 ex
1069 3612 1268 3674 Herodiano
1302 3610 1416 3673 didici-

231 3722 348 3798 mus¹)
370 3720 523 3782 Primum
541 3729 710 3782 tractatus
725 3719 985 3797 dispositionem
1000 3718 1232 3797 inspiciamus
1253 3736 1342 3798 quae
1358 3717 1416 3780 ali-

231 3844 334 3905 quam
357 3845 436 3888 cum
457 3827 581 3906 prioris
602 3827 710 3905 partis
726 3826 974 3904 compositione
990 3826 1246 3888 similitudinem
1260 3827 1415 3904 praebet.

232 3934 332 3995 Duae
360 3933 461 3996 facile
490 3943 607 4012 partes
637 3934 891 3996 discernuntur:
926 3935 963 4012 δέ
995 3935 1093 3996 1-10
1121 3933 1202 4013 quid
1230 3933 1273 3996 sit
1301 3935 1417 3996 ortho-

232 4041 379 4120 graphia
411 4051 444 4102 et
476 4059 579 4120 quam
608 4043 735 4103 habeat
767 4041 957 4118 utilitatem,
987 4041 1024 4120 ἐς
1049 4041 1166 4102 11-29
1195 4060 1283 4120 quae
1313 4041 1417 4106 luerit

233 4149 450 4211 diversorum
481 4157 676 4227 temporum
710 4148 959 4227 orthographia
996 4148 1186 4227 exponitur.
1239 4149 1418 4213 Posterior

233 4274 314 4336 pars
347 4256 428 4336 quid
456 4255 519 4318 sibi
548 4256 639 4332 uelit,
669 4257 788 4334 primis
818 4257 933 4318 statim
964 4257 1080 4318 verbis
1109 4257 1275 4319 docemur
1297 4257 1327 4336 (ἓ
1352 4257 1416 4337 11);

343 4410 360 4469 ¹)
379 4408 420 4460 Cf.
437 4407 653 4455 Reitzensteinius
672 4407 792 4466 (rGesch.
810 4408 854 4453 der
872 4407 966 4467 griech.
984 4408 1163 4469 Etymologica
1179 4424 1203 4471 p.
1222 4411 1349 4468 ψασθε).
