3168 5066
648 379 855 440 r-n-

161 569 257 632 ‘dua'
266 578 300 631 et
313 573 387 630 ‘tre’
401 566 608 630 barbarismi
619 575 707 643 sunt,
720 585 809 646 quae
820 566 908 630 fiunt
920 566 1156 643 declinatione,
1165 567 1185 629 i.
1194 585 1222 628 e.
1236 566 1347 642 ἁμαρ-

159 678 308 752 τήματα
335 675 544 751 γιγνόμενα
571 674 654 750 περὶ
676 673 814 746 κλίσιν,
836 693 925 754 quae
946 674 1074 737 Fabius
1100 673 1175 752 ipse
1200 691 1270 738 non
1292 675 1349 736 de-

158 783 332 847 tractione
354 791 414 845 aut
436 781 627 844 adiectione
647 781 724 843 fieri
746 781 843 844 dicit?
874 781 992 862 ltaque
1015 781 1155 844 dubium
1178 799 1256 844 esse
1277 799 1347 843 non

158 900 292 971 potest,
332 889 413 970 quin
446 888 674 966 Quintilianus
709 889 745 950 in
775 889 843 950 hoc
875 889 918 951 de
947 889 1164 952 barbarismo
1196 898 1347 952 tractatu

159 997 213 1078 (βξ
229 999 434 1075 5-17)“ιιοιι
456 997 556 1059 unius
578 996 730 1058 auctoris
752 997 959 1059 sententiam
980 996 1145 1076 proferat,
1167 997 1347 1076 sedpara-

158 1106 319 1186 graphos
351 1105 467 1166 13-17
497 1122 540 1166 ex
569 1103 636 1165 alio
663 1103 760 1166 fonte
788 1105 973 1184 repetierit.
1017 1105 1106 1182 Quin
1135 1105 1240 1170 etiam
1269 1089 1290 1186 β’
1311 1107 1348 1168 16

158 1212 399 1276 barbarismos
420 1211 497 1274 fieri
517 1230 580 1291 per
600 1229 765 1274 numeros
788 1221 822 1274 et
842 1230 974 1291 genera
989 1213 1069 1275 dicit
1084 1213 1171 1276 sicut
1187 1214 1348 1276 soloecis-

157 1340 248 1385 mos
279 1320 487 1384 conferatur
503 1319 593 1382 enim
616 1338 643 1382 e.
659 1319 692 1382 V
707 1321 759 1382 41:
785 1319 997 1384 »Immutatio
1020 1321 1093 1384 sine
1109 1323 1348 1409 controversia

159 1438 225 1507 est,
248 1447 327 1492 cum
343 1429 435 1490 aliud
450 1446 515 1508 pro
530 1427 596 1490 alio
611 1427 758 1507 ponitur.
781 1427 817 1489 ld
832 1446 896 1507 per
911 1447 1032 1492 omnes
1049 1429 1213 1492 orationis
1228 1438 1347 1508 partes

158 1535 462 1616 deprehendimus,
491 1534 769 1614 frequentissime
790 1535 825 1597 in
845 1537 964 1612 verb0,
994 1536 1074 1615 quia
1098 1537 1248 1614 plurima
1269 1529 1348 1599 huic

158 1645 330 1720 accidunt,
359 1644 506 1723 ideoque
527 1644 562 1706 in
585 1662 625 1706 eo
647 1643 734 1705 fiunt
755 1645 951 1706 soloecismi
972 1663 1035 1724 per
1057 1662 1188 1724 genera
1210 1665 1236 1708 e.
1254 1665 1283 1724 q.
1300 1665 1345 1708 s«

268 1751 368 1813 Nunc
389 1751 434 1812 ad
455 1749 600 1814 Sextum
621 1751 815 1814 redeamus.
846 1751 952 1814 Cuius
972 1753 1179 1816 barbarismi
1194 1751 1346 1815 definitio

159 1857 411 1936 ’βαρβαρισμὸς
438 1857 506 1920 ἐστι
531 1858 743 1935 παράπτωσις
770 1859 803 1920 έν
833 1859 914 1939 ἁπλῇ
943 1861 1023 1922 λέξει
1048 1861 1136 1936 παρὰ
1156 1862 1214 1934 τὴν
1237 1863 1346 1936 κοινὴν
1427 1853 1428 1860 ¹

158 1967 364 2042 συνήθειαν”
388 1967 462 2029 sine
485 1967 587 2030 dubio
611 1986 654 2029 ex
670 1968 864 2030 Stoicorum
880 1969 975 2030 libris
991 1969 1197 2048 deprompta
1213 1979 1273 2046 est,
1290 1969 1347 2048 qui
1417 1959 1418 1962 '

156 2091 267 2136 unam
278 2076 336 2134 τού
346 2073 353 2092 ‘
363 2074 568 2149 Ελληνισμού
580 2077 738 2154 regulam
750 2077 807 2150 τήν
820 2079 885 2137 τῶν
898 2075 1157 2153 εὐδοκιμούντων
1171 2077 1345 2151 συνήθειαν
1413 2061 1415 2066 ’

157 2181 426 2257 constituebant,
452 2190 490 2243 ut
516 2199 560 2243 ex
587 2183 746 2261 Diogene
767 2181 907 2246 Laertio
930 2183 1005 2262 (Vll
1026 2185 1077 2263 40)
1106 2184 1347 2247 intelleximus

155 2289 269 2351 Recte
297 2289 424 2352 Sextus
451 2291 501 2368 (βξ
526 2291 700 2369 att—215)
724 2291 775 2368 iis,
802 2269 860 2371 qui
885 2291 1132 2366 ἀναλογιστικήν
1158 2293 1271 2370 τέχνην
1297 2311 1347 2356 se-

156 2407 318 2478 quantur,
341 2398 450 2460 verba
471 2398 558 2474 παρὰ
579 2399 637 2472 τὴν
660 2401 770 2474 κοινήν
793 2399 974 2476 συνήθειαν
987 2402 1044 2462 vel
1067 2398 1235 2476 ἀσυνήθης
1251 2401 1347 2462 omit-

156 2497 266 2570 ten'da
299 2524 377 2568 esse
410 2507 577 2569 declarat:
609 2505 666 2568 ‘ivo
693 2509 739 2591 δέΙ
758 2509 797 2584 μή
830 2510 976 2584 δοκῶμεν
1003 2507 1037 2569 έν
1058 2511 1138 2568 πάσι
1159 2507 1348 2583 ἀπορητικοὶ

143 2593 336 2692 τυγχάνειν,
360 2613 408 2674 ἐπὶ
429 2615 486 2688 τήν
508 2613 541 2676 έξ
564 2613 664 2690 ἀρχῆς
685 2613 841 2690 πρόθεσιν
864 2613 1106 2690 ἀναδραμόντες
1122 2599 1285 2692 φήσομεν,
1302 2614 1348 2691 ως

158 2721 248 2797 εἴπερ
271 2721 289 2782 ὁ
313 2721 534 2798 βαρβαρισμὸς
555 2721 766 2797 παράπτωσίς
788 2721 856 2782 ἐστι
869 2723 958 2799 παρὰ
972 2723 1029 2796 τήν
1045 2724 1155 2798 κοινὴν
1172 2722 1346 2798 συνήθειαν

158 2829 196 2890 ἐν
227 2824 280 2908 μιᾷ
310 2829 389 2890 λέξει
422 2829 658 2905 θεωρούμενος,
696 2825 856 2904 ὡσαύτως
879 2830 915 2890 δὲ
942 2830 994 2890 καὶ
1024 2829 1041 2890 ὁ
1071 2830 1283 2905 σολοικισμὸς
1313 2830 1347 2890 ἐν

157 2937 300 3011 πολλοῖς
323 2936 505 3024 λέξεσιτὴν
527 2936 710 2997 ὑπόστασιν
734 2936 917 3014 λαμβάνων,
939 2938 998 2997 καὶ.
1012 2935 1080 2997 έστι
1103 2937 1266 3013 βάρβαρον
1290 2939 1347 3012 μέν

157 3045 199 3104 τὸ
226 3043 454 3120 τράπεσαδιά
475 3045 512 3104 τὸ
536 3045 575 3120 μή
601 3045 742 3119 σύνηθες
771 3039 850 3106 εἶναι
878 3045 915 3105 τό
945 3043 1038 3120 ῥῆμα,
1069 3044 1223 3105 σόλοικον
1254 3047 1289 3105 δὲ
1310 3045 1347 3106 τό

161 3152 295 3213 ιεπολλάι
316 3151 536 3227 περιπατήσας
559 3155 653 3231 κοπιᾷ
676 3170 737 3228 μου
758 3153 799 3212 τά
821 3152 944 3226 σκέλη”
967 3154 1019 3213 διά
1034 3153 1071 3213 τό
1088 3155 1127 3228 μή
1147 3153 1295 3226 λέγεσθαι
1310 3156 1346 3230 τῇ

159 3247 252 3338 κοίνῇ
277 3258 441 3338 συνηθείᾳ,
465 3245 668 3335 ιύμολόγητοι
690 3259 737 3319 ότι
759 3260 778 3335 ἡ
803 3261 858 3335 μὲν
883 3259 1108 3334 ἀναλογιστική
1132 3259 1224 3334 τέχνη
1242 3257 1346 3332 όνομα

160 3365 258 3428 κενόν
274 3365 341 3426 ἐστι
363 3365 445 3441 πρός
466 3366 502 3426 τό
526 3367 566 3441 μή
592 3366 791 3443 βαρβαρίζειν
808 3368 826 3442 ἢ
844 3367 1043 3440 σολοικίζειν,
1060 3369 1108 3427 δεῖ
1124 3367 1232 3440 δὲτὴν
1249 3365 1347 3438 συνή-

161 3479 253 3536 θειαν
278 3477 475 3549 παρατηρεῖν
502 3474 552 3534 καὶ
575 3472 767 3548 ἀκολούθως
791 3473 868 3554 αὐτῇ
893 3474 1106 3547 διαλέγεσθαι.
1150 3473 1349 3552 Quintiliani

162 3587 284 3643 auctor
304 3579 338 3642 in
359 3581 576 3644 barbarismo
599 3581 804 3660 explicando
827 3581 1022 3644 Stoicorum
1044 3585 1091 3660 (et
1102 3582 1210 3658 Sexti)
1233 3581 1349 3643 defini-

160 3688 293 3750 tionem
309 3688 411 3750 huius
426 3689 499 3750 vitii
512 3707 582 3751 non
598 3689 741 3765 curavit,
756 3707 869 3769 neque
885 3690 1141 3752 consuetudinis
1156 3691 1213 3753 vel
1229 3678 1348 3752 similis

161 3795 263 3857 verbi
287 3795 499 3869 mentionem
527 3797 617 3859 fecit.
660 3797 755 3868 Idem
780 3807 898 3860 tamen
922 3798 1149 3875 Quintilianus
1173 3800 1213 3878 (c.
1232 3800 1267 3862 V
1287 3799 1347 3878 13.)

161 3903 315 3965 formam
332 3904 540 3966 »assentior«
559 3923 740 3981 consensu,
755 3907 775 3968 i.
793 3924 820 3967 e.
838 3905 993 3986 συνηθείᾳ
1007 3909 1073 3966 τῶν
1089 3905 1348 3982 εὐδοκιμούντων

162 4009 304 4073 defendi
335 4009 425 4073 dicit.
473 4011 538 4073 Hic
569 4011 665 4088 mihi,
699 4013 789 4091 quod
823 4031 930 4092 supra
962 4013 1120 4092 exposui,
1151 4013 1349 4076 confirmari

161 4118 302 4180 videtur
315 4121 559 4199 paragraphos
578 4120 694 4182 13--17
710 4138 754 4181 ex
774 4120 840 4182 alio
856 4120 952 4183 fonte
966 4120 1112 4183 fluxisse
1132 4139 1236 4200 quam
1250 4139 1348 4200 prae-

163 4226 340 4304 cedentes,
369 4226 427 4289 ubi
457 4227 714 4290 consuetudinis
735 4230 792 4290 vel
821 4227 940 4290 similis
968 4229 1067 4292 verbi
1092 4248 1157 4292 nec
1183 4230 1264 4291 vola
1284 4247 1348 4290 nec

161 4333 351 4414 vestigium
374 4345 497 4398 exstat.
