3168 5066
652 379 833 442 -9‘-

146 567 322 647 §§44-ts.
331 569 426 646 Quas
439 567 467 630 si
477 569 687 648 inspicimus,
696 587 825 632 nomen
833 529 1206 649 auctonsAsdlepiadis
1215 574 1335 650 (supra

144 675 217 738 iam
247 676 283 738 in
308 675 376 738 alio
404 676 656 740 dissertationis
676 679 874 756 complexu
900 676 1002 740 huius
1029 677 1096 739 loci
1123 678 1334 740 mentionem

144 783 228 864 feci)
258 783 467 848 offendimus
497 785 527 862 (ξ
556 785 594 846 47
623 785 669 862 [bg
698 785 801 860 φασὶν
828 783 857 845 οἱ
885 785 954 860 περὶ
984 779 1042 845 τὸν
1070 783 1333 860 Ἀσκληπιάδην).

256 893 445 954 Praeterea
465 891 712 970 Asclepiadem
736 891 806 968 περὶ
827 895 1098 968 γραμματιστικῆς
1120 893 1235 971 egisse
1256 895 1333 955 loco

145 999 360 1062 scholiorum
386 999 430 1061 ad
452 999 610 1078 Dionysii
636 1009 747 1062 artem
769 999 977 1079 scriptorum
999 1000 1225 1064 confirmatur
1252 1002 1335 1080 (Hil-

146 1106 320 1188 gard'183,
335 1107 401 1186 27):
424 1105 488 1167 Διὰ
509 1108 605 1168 τοῦτο
629 1107 664 1167 δὲ
686 1107 737 1167 καὶ
759 1105 818 1166 οὐκ
841 1105 952 1182 ἄλλοις
967 1111 1166 1184 χαρακτῆρσι
1182 1109 1333 1185 χρώμεθα

145 1217 213 1276 τῶν
243 1213 410 1291 στοιχείων
440 1212 523 1274 ἀλλὰ
551 1216 621 1288 τοῖς
647 1213 809 1288 Ἰωνικοῖς,
839 1213 884 1288 ὡς
918 1216 973 1289 μὲν
996 1214 1285 1292 Ἀσκληπιάδης
1315 1217 1333 1279 ὁ

149 1321 345 1398 Μυρλεανὸς
360 1321 450 1397 λέγει,
475 1321 574 1381 διὰτὸ
590 1320 710 1395 κάλλος
725 1322 775 1382 καὶ
787 1321 835 1382 ὅτι
845 1323 982 1382 πλεῖστα
993 1325 1058 1383 τῶν
1076 1323 1333 1401 συγγραμμάτων

144 1431 275 1503 τούτοις
297 1427 470 1505 ἐγέγραπτο
492 1431 562 1504 τοῖς
583 1433 808 1504 χαρακτῆρσιν,
830 1449 856 1491 κ.
872 1448 896 1489 τ.
913 1431 938 1490 λ.
973 1429 1064 1492 Nihil
1084 1431 1188 1509 igitur
1210 1433 1333 1510 obstat,
1362 1487 1365 1495 .

146 1537 230 1616 quin
244 1538 309 1599 has
320 1537 564 1616 paragraphos
577 1537 721 1616 (act-48)
734 1537 934 1616 Asclepiadi
943 1538 1168 1602 vindicemus,
1193 1539 1334 1617 Γραμμα-

144 1643 267 1717 τιστική
299 1644 337 1722 ἐξ
363 1643 483 1705 49-56
504 1652 746 1723 pertractatur.
785 1644 920 1706 Deinde
942 1646 987 1707 ad
1007 1645 1234 1726 γραμματικήν,
1263 1648 1282 1712 i.
1306 1669 1334 1712 e.

146 1761 269 1828 artem,
285 1769 389 1830 quam
404 1770 469 1814 nos
484 1752 750 1831 grammaticam
765 1769 943 1829 vocamus
964 1753 1091 1818 Sextus
1107 1773 1146 1816 se
1162 1757 1334 1818 convertit

147 1861 200 1938 (ἐξ
221 1859 384 1937 57-320)‚
426 1859 581 1922 Nominis
604 1860 884 1939 explanationem
906 1861 1060 1940 sequitur
1082 1863 1234 1926 delinitio
1251 1864 1334 1926 artis

146 1967 364 2046 singulorum
385 1967 701 2046 grammaticorum,
725 1967 883 2046 Dionysii
904 1968 1049 2030 Thracis
1071 1970 1122 2048 (ἐξ
1141 1972 1274 2050 57-60)
1301 1981 1335 2034 et

145 2076 338 2138 Ptolemaei
364 2075 580 2155 peripatetici
608 2076 659 2154 (ἐξ
681 2075 823 2149 60-65).
866 2076 1001 2138 Horum
1027 2079 1335 2156 grammaticorum

69 2173 73 2178 ’
146 2183 338 2246 sententias
360 2202 404 2244 ex
425 2182 643 2261 Asclepiadis
666 2192 740 2244 arte
763 2184 988 2264 depromptas
1015 2203 1093 2247 esse
1114 2205 1184 2248 non
1205 2187 1336 2268 indiget
1408 2173 1443 2184 ‘'

145 2293 274 2368 longae
296 2289 618 2369 argumentationis3
647 2289 722 2368 ipse
749 2291 840 2353 enim
861 2291 988 2354 Sextus
1010 2293 1077 2354 hoc
1099 2285 1214 2355 dicere
1236 2294 1335 2356 nobis

145 2399 285 2460 videtur
305 2399 335 2476 (ξ
356 2397 420 2476 72);
446 2395 689 2471 Ἀσκληπιάδης
710 2397 818 2459 τοίνυν
840 2398 996 2475 μέμφεται
1016 2399 1073 2460 τὸν
1091 2399 1203 2479 Θρᾷκα
1219 2400 1335 2461 Διονύ-

113 2493 115 2501 “
148 2521 223 2568 σιον
246 2503 406 2581 ἐμπειρίαν
430 2503 564 2577 λέγοντα
579 2505 636 2578 τὴν
651 2506 880 2583 γραμματικήν,
897 2505 982 2582 δι’ἢν
1001 2505 1101 2567 αἰτίαν
1117 2508 1167 2568 καί
1184 2507 1201 2568 ὁ
1217 2507 1336 2569 Πτολε-

148 2616 246 2690 μαῑος
274 2612 348 2690 ἐφη,
377 2613 502 2685 ἐγκαλεῖ
525 2613 561 2671 δὲ
583 2610 670 2694 αὐτῷ
694 2614 810 2693 καὶτῷ
833 2613 971 2674 κατὰτὸ
995 2616 1149 2676 πλεῖστον
1173 2613 1333 2691 ἐμπειρίαν

148 2717 249 2795 αὐτὴν
279 2718 480 2796 ἀποφαίνειν.
523 2717 684 2798 Sequitur
710 2721 761 2798 (ἐξ
783 2720 916 2799 (τά-72)
946 2720 1042 2783 Sexti
1068 2720 1247 2799 refutati03
1281 2723 1336 2783 de·

146 2825 228 2888 inde
270 2827 321 2905 (ἐξ
357 2827 489 2905 72-75)
531 2828 751 2907 Asclepiadis
790 2829 898 2908 ipsius
935 2829 1109 2892 sententia
1136 2829 1334 2918 ¹profertum

148 2933 297 3013 denique
319 2934 529 3015 Chaeridis¹)
553 2937 604 3014 (ἐξ
619 2938 751 3015 76-79)
769 2947 802 2999 et
818 2937 986 3000 Demetrii
1003 2936 1122 3000 Chlori
1136 2937 1187 3014 (ἐξ
1202 2937 1335 3012 sat-89)

149 3041 325 3104 doctrinas
347 3061 425 3105 cum
447 3044 611 3124 Empirici
631 3045 897 3108 refutationibus
919 3045 1087 3124 legimus..

257 3151 333 3212 Hos
361 3153 610 3230 grammaticos
647 3155 690 3216 ab
723 3153 897 3233 Empirico
922 3153 957 3214 in
989 3150 1160 3230 Myrleani
1185 3159 1261 3213 arte
1289 3151 1336 3212 in-

148 3265 274 3320 ventos
307 3275 385 3320 esse
417 3259 619 3339 priusquam
651 3269 860 3336 statuamus,
896 3259 939 3320 de
974 3267 1089 3321 aetate
1126 3267 1159 3320 et
1193 3258 1267 3320 vita
1302 3267 1337 3322 et

149 3365 330 3429 Chaeridis
354 3376 387 3428 et
404 3367 572 3430 Demetrii
593 3368 675 3447 quid
695 3367 859 3430 traditum
880 3367 932 3444 sit,
949 3365 1144 3446 diligentius
1160 3383 1336 3445 exponere

147 3490 295 3536 necesse
318 3475 389 3536 erit.

258 3583 313 3645 De
322 3582 493 3645 Chaeride
502 3601 612 3662 nuper
628 3582 699 3662 egit
709 3583 880 3645 R.Berndt
893 3582 980 3660 (»De
990 3581 1335 3658 Charete,Chaeride,

148 3688 321 3752 Alexione
351 3708 539 3770 eorumque
568 3690 732 3770 reliquiis;
764 3707 847 3768 pars
874 3688 983 3768 prior:
1014 3688 1174 3750 Charetis
1197 3688 1337 3751 Chaeri-

150 3795 272 3878 disque
286 3797 486 3877 fragmenta
499 3797 722 3876 Kdnigsberg
739 3796 859 3874 1902«)
869 3798 888 3872 2,
912 3795 969 3874 qui
984 3796 1072 3856 duos
1087 3795 1336 3875 grammaticos

258 3987 277 4047 ¹)
296 3985 338 4033 Sic
356 3987 484 4034 Usenerus
501 3985 519 4032 l.
534 3985 551 4032 l.
567 4000 591 4047 p.
609 3984 654 4046 685
672 3985 729 4033 adn.
748 3996 761 4043 3
780 3993 849 4032 recte
872 3984 949 4032 scribi
966 3983 1019 4032 vult
1037 3998 1083 4046 pro
1100 3983 1213 4031 lectione
1232 3981 1334 4046 Χάρης,

150 4089 226 4136 quam
243 4076 347 4124 codices
364 4077 498 4139 praebent.
549 4063 551 4066 ⁵
1118 4139 1120 4148 Ι

257 4166 277 4226 ²)
296 4165 362 4214 Cum
387 4164 453 4212 hanc
477 4165 685 4213 dissertationem
711 4180 768 4212 meo
797 4173 907 4214 tractatu
933 4166 983 4212 iam
1005 4163 1126 4228 perlecto
1146 4163 1215 4211 foras
1240 4162 1334 4209 editam

150 4257 234 4318 ipsam
251 4255 378 4318 inspicere
402 4271 454 4302 non
470 4255 605 4318 potuerim,
623 4255 750 4316 Hilgardii
768 4257 956 4303 enarrationem
978 4254 1069 4316 paeri
1091 4253 1182 4302 Philol.
1207 4251 1334 4300 Wochen-

150 4345 241 4394 schrift
260 4356 319 4405 1903
336 4345 380 4392 Nr.
397 4357 425 4404 41
444 4361 469 4408 p,
489 4343 545 4392 1281
565 4345 645 4406 sqqx)
664 4344 705 4390 hic
724 4343 756 4390 ad
773 4345 958 4392 recensendum
976 4344 1096 4391 adhibere
1115 4357 1202 4404 cogor.
