3168 5066
742 423 1001 504 ..η,.Ι

244 625 386 679 ventam
408 632 487 677 esse
508 623 662 694 apparet.
690 614 809 692 ltaque
830 611 984 691 priorum
999 608 1306 690 grammaticorum
1321 616 1425 684 artes,

244 743 334 805 quae
366 723 511 786 similem
542 721 761 804 partitionem
778 720 968 808 praebent,
999 717 1098 779 nobis
1129 715 1309 778 adeundae
1336 723 1425 778 sunt.

245 833 411 912 Magnam
432 840 548 894 autem
569 825 964 893 multitudinem‘artium
979 823 1285 904 grammaticarum
1300 821 1426 901 prioris

246 939 370 1002 aetatis
398 938 571 1002 exstitisse
603 937 730 1000 Sextus
764 932 957 1012 Empiricus
984 939 1247 1003 commemorat;
1281 929 1338 1009 qui
1369 930 1426 991 ad-

245 1064 370 1110 versus
398 1044 645 1125 grammaticos
667 1045 698 1122 (ᾗ
719 1044 766 1105 91.
790 1042 841 1103 ed.
863 1041 1001 1103 Bekker
1021 1057 1053 1118 p.
1076 1039 1147 1116 619)
1169 1038 1257 1099 haec
1277 1037 1425 1117 profert:

245 1154 378 1229 Πολλῆς
410 1152 514 1228 οὔσης
554 1154 604 1214 καὶ
637 1151 797 1226 ἀνηνάτου
832 1149 920 1225 παρὰ
950 1148 1179 1223 γραμματικοῖς
1213 1146 1283 1222 περὶ
1319 1150 1425 1222 μερῶν
1464 1147 1466 1154 ’

245 1253 465 1338 γραμματικῆς
488 1258 693 1333 διαστάσεως
715 1278 740 1319 κ,
762 1276 786 1318 τ.
810 1259 836 1318 λ.

353 1368 603 1449 Antiquissima
630 1366 751 1429 divisio
773 1373 835 1440 est,
864 1381 968 1444 quam
989 1362 1081 1441 apud
1102 1359 1260 1447 Dionysii
1281 1361 1427 1424 Thracis

247 1476 470 1538 scholiastam
494 1475 697 1551 invenimus
724 1473 780 1553 qui
806 1481 968 1552 quattuor
993 1479 1111 1550 partes
1136 1472 1190 1534 his
1211 1471 1327 1534 verbis
1348 1488 1427 1533 con·
1507 1495 1511 1502 ·

247 1583 354 1646 stituit
375 1582 430 1660 (ci.
453 1583 584 1646 scholia
603 1583 637 1644 in
652 1581 753 1644 Dion.
768 1579 913 1643 Thracis
934 1588 996 1642 art.
1012 1598 1122 1660 gram.
1137 1600 1206 1644 rec,
1222 1581 1263 1644 A.
1280 1580 1427 1660 Hilgard

247 1709 279 1769 p.
290 1690 484 1771 12,3sqq.¹):
500 1689 544 1751 Τὸ
559 1690 657 1750 πάλαι
673 1687 749 1765 μέρη
765 1691 823 1761 τῆς
836 1693 1053 1764 γραμματικῆς
1067 1687 1107 1763 ἦν
1122 1688 1269 1763 τέσσαρα
1282 1707 1287 1717 ’
1300 1687 1350 1748 καὶ
1366 1687 1427 1748 εἰσὶ

246 1799 365 1857 ταῦτα·
382 1796 599 1873 διορθωτικόν,
623 1795 874 1868 ἀναγνωστικάν,
896 1795 1076 1870 ἐξηγητικὸν
1102 1796 1153 1856 καὶ
1177 1793 1380 1872 arraona(
1403 1793 1426 1856 i.

146 1911 150 1922 '
247 1907 424 1968 Usenems
445 1908 465 1968 l.
487 1909 507 1968 l.
529 1924 560 1984 p.
582 1904 643 1966 582
663 1903 750 1982 sqq.)
779 1904 853 1965 Has
879 1912 1040 1981 quattuor
1066 1915 1184 1982 partes
1206 1904 1309 1966 etiam
1334 1904 1427 1982 apud

247 2014 293 2075 M.
322 2013 520 2076 Terentium
555 2013 752 2076 Varronem
791 2010 1000 2073 offendimus
1035 2011 1090 2088 (cf.
1122 2011 1336 2074 Wilmanns:'
1372 2012 1450 2082 De·

247 2120 292 2182 M.
322 2119 473 2182 Terentii
500 2119 670 2182 Varronis
708 2117 802 2180 libris
830 2117 1067 2197 grammaticis
1096 2117 1184 2197 frag.
1212 2120 1251 2180 93
1279 2136 1310 2197 p.
1340 2118 1426 2195 210):

201 2241 202 2250 ¹
251 2227 527 2290 »Grammaticae
550 2225 674 2302 officia,
696 2236 733 2288 ut
755 2226 883 2288 adserit
898 2226 1013 2288 Varro
1036 2235 1195 2287 constant
1216 2224 1426 2303 inpartibus

248 2343 419 2413 quattuor,
446 2333 591 2397 lectione
618 2334 844 2411 enarratione,
871 2334 1121 2410 emendatione,
1143 2334 1326 2412 iudicioni)
1369 2334 1430 2397 Se.

248 2441 361 2520 quitur
393 2441 490 2520 apud
522 2441 677 2504 Graecos
702 2441 891 2520 Dionysius
927 2442 1054 2519 Thrarr,
1086 2441 1182 2504 cuius
1217 2442 1351 2504 libellus
1383 2459 1427 2503 ex

249 2548 416 2620 omnibus
452 2567 540 2627 quae
576 2549 621 2612 ad
647 2557 803 2610 nostram
831 2558 982 2611 aetatem
1013 2559 1255 2627 pervenerunt,
1288 2549 1428 2626 artibuS,

249 2673 360 2734 paene
398 2656 541 2718 maximi
575 2657 740 2718 momenti
774 2665 836 2718 est.
890 2657 955 2734 Qui
994 2657 1047 2719 vir
1074 2658 1196 2720 doctus
1222 2675 1285 2719 sex
1317 2675 1431 2736 gram-

358 2861 377 2920 1)
395 2861 532 2908 Praeterea
550 2862 583 2913 cf.
601 2861 660 2908 ibid.
680 2861 743 2918 ro,8.
763 2873 826 2920 12,4.
846 2872 909 2921 13,7.
929 2862 1008 2924 115,8.
1028 2861 1107 2923 164,9.
1128 2840 1337 2924 15o,17.'578,13.

356 2949 374 3011 2ί
393 2949 539 2998 Scholiasta
564 2951 690 3013 prioribus
719 2951 798 2998 tribus
823 2951 938 3014 partibus
963 2962 1078 3014 quartam
1104 2952 1188 3015 aliquo
1214 2954 1292 3000 modo
1316 2954 1432 3016 opponit,

253 3039 385 3100 criticique
403 3039 516 3087 officium
535 3041 658 3088 cumillis
677 3041 840 3088 coniunctum
858 3041 927 3099 dicit,
946 3042 994 3088 etsi
1011 3057 1062 3089 non
1080 3042 1179 3100 eodem,
1197 3043 1274 3089 simili
1285 3051 1369 3089 tamen
1380 3057 1432 3104 quo

254 3128 425 3191 Quintilianus
442 3130 520 3178 modo
538 3133 570 3190 (c.
588 3130 622 3176 IV
639 3138 671 3190 3).
704 3129 805 3176 Deinde
823 3131 905 3178 critici
922 3131 1035 3178 officium
1052 3132 1175 3180 describit
1190 3133 1317 3195 (Hilgard.
1332 3145 1367 3180 12.
1382 3137 1431 3194 13):

249 3216 393 3284 Ἀνάγκην
416 3219 470 3283 γὰρ
490 3218 564 3281 εῖχεν
588 3219 603 3270 δ
624 3219 745 3283 κριτικὸς
768 3219 873 3270 εἰδέναι
889 3219 926 3270 τὰ
942 3223 994 3271 τοί)
1012 3221 1198 3285 διορθωτικοῦ
1216 3222 1329 3274 καὶτοῦ
1347 3222 1434 3282 ἀναγ-

253 3311 394 3364 νωστικοῖι
417 3309 462 3360 καί
483 3312 535 3360 τοῦ
553 3309 717 3373 ἐξηγητικοῦ
731 3350 736 3360 .
750 3350 773 3360 ..
800 3309 901 3356 Deinde
919 3309 1039 3357 iudicium
1057 3310 1089 3356 ad
1106 3319 1197 3373 poetas
1215 3311 1389 3358 emendandos
1408 3319 1433 3357 et

254 3399 458 3463 interpretandos
480 3399 586 3446 multum
608 3399 674 3462 apud
700 3408 800 3446 veteres
827 3401 1009 3461 grammaticos
1031 3400 1170 3448 contulisse
1188 3401 1279 3448 dicitur
1313 3391 1432 3462 (Hilgard

257 3494 356 3550 12,19):
374 3487 464 3548 Οὗτος
483 3488 534 3539 οὖν
553 3489 568 3539 δ
586 3490 706 3552 κριτικὸς
723 3489 776 3554 τὴν
793 3493 852 3540 τῶν
869 3489 1037 3554 ποιημάτων
1056 3490 1093 3556 [ἢ]
1108 3493 1200 3552 καλῶς
1212 3490 1229 3554 ἢ
1243 3489 1359 3554 φαύλως
1371 3489 1389 3554 ἢ
1403 3489 1435 3540 ἐν

255 3567 350 3632 δέοντι
367 3580 383 3644 ἢ
402 3579 433 3630 ἐν
451 3582 487 3642 μή
506 3579 600 3630 δέοντι
617 3579 633 3644 ἢ
653 3578 788 3644 εὐκαίρως
806 3580 822 3644 ἢ
841 3579 963 3644 ἀκαίρως
981 3583 1130 3644 λεχθεῖσαν
1148 3581 1262 3632 ἔννοιαν
1279 3580 1434 3644 παρεδίδου

255 3676 296 3734 τῷ
324 3670 381 3734 νέῳ
406 3669 451 3720 καὶ
476 3669 529 3733 τὴν
551 3669 663 3720 τούτων
686 3668 778 3721 αἰτίαν
801 3669 1070 3735 ἐδίδασκεν·ὥσπερ
1097 3671 1174 3734 παρὰ
1195 3675 1236 3734 τῷ
1258 3674 1360 3734 ποιητῇ
1383 3671 1436 3721 τὸν

257 3760 352 3822 στίχον
369 3761 474 3810 τοῦτον
492 3759 536 3809 δεῖ
554 3757 695 3821 ὀβελίζειν,
713 3757 861 3810 τουτέστιν
879 3758 1022 3824 ἐκβάλλειν
1040 3760 1086 3812 καί
1103 3759 1329 3823 ἀποδοκιμάζειν,
1347 3761 1385 3820 ὼς
1398 3760 1435 3824 μὴ
1539 3785 1542 3792 ’

257 3849 328 3900 ὄντα
350 3847 428 3899 ἄξιον
445 3849 497 3898 τοί)
514 3850 634 3911 ποιητοῖι
653 3848 684 3911 [Α
703 3848 755 3910 139]
775 3848 840 3900 ἄξω
864 3847 986 3900 ἑλὼνδ
1008 3849 1044 3900 δέ
1067 3864 1124 3900 κεν
1147 3848 1379 3910 κεχολώσεται
1397 3847 1460 3906 ὅν,

257 3952 315 3988 κεν
337 3937 577 3999 intuitorum„
600 3947 625 3984 et
648 3937 764 3985 similiter
786 3938 958 4000 Quintilianus
982 3939 1024 3987 lV.
1047 3951 1060 3998 3
1087 3941 1182 4002 pergit:
1209 3948 1248 3985 »et
1270 3939 1376 3984 mixtum
1397 3939 1436 3985 his

259 4028 376 4075 omnibus
398 4027 518 4074 iudicium
541 4037 590 4084 est;
613 4043 663 4089 quo
686 4027 788 4089 quidem
810 4029 845 4076 ita
868 4043 956 4076 severe
979 4039 1036 4076 sunt
1053 4031 1091 4076 usi
1109 4037 1209 4075 veteres
1227 4028 1393 4090 grammatici,
1410 4037 1438 4074 ut

258 4133 310 4164 non
327 4131 415 4163 versus
433 4116 510 4162 modo
529 4118 646 4163 censoria
663 4117 772 4178 quadam
790 4117 887 4178 virgula
903 4127 993 4165 notare
1012 4127 1036 4166 et
1053 4119 1139 4176 libros,
1157 4119 1199 4180 qui
1214 4118 1279 4165 salso
1292 4117 1438 4164 viderentur

260 4208 383 4268 inscripti,
406 4215 534 4267 tamquam
556 4205 671 4253 subditos
695 4221 856 4254 summovere
878 4207 975 4254 familia
996 4208 1158 4271 permiserint
1180 4208 1236 4265 sibi,
1258 4207 1303 4254 sed
1320 4217 1439 4253 auctores

260 4296 324 4342 alios
342 4297 367 4342 in
385 4295 500 4342 ordinem
519 4294 671 4356 redegerint,
689 4296 753 4342 alios
771 4298 876 4343 omnino
894 4298 1034 4344 exemerint
1051 4312 1171 4345 numero«.
1192 4313 1213 4345 e.
1231 4313 1253 4359 q.
1273 4314 1291 4345 s.

368 4386 387 4448 ³)
407 4386 446 4435 Cf,
467 4386 593 4433 Usenerus
611 4385 626 4432 l.
643 4385 658 4433 l.
676 4401 700 4448 p.
718 4396 763 4446 599
781 4401 838 4448 S‘lq'
