3168 5066
764 423 964 485 -62...

274 615 519 679 dissertatione
551 615 622 690 περὶ
652 611 880 690 ὀρθογραφιας
912 613 943 690 (5
975 612 1045 689 174)
1077 611 1239 674 absoluta
1264 609 1462 690 proximam

276 725 347 801 περὶ
372 723 570 799 ἑλληνισμοθ
592 730 730 800 partem
752 720 802 783 sic
822 719 941 799 incipit
967 719 998 798 (ξ
1023 720 1106 797 175)
1131 717 1463 794 Κεφαλαιωδὲστερον

278 833 316 907 δὴ
340 833 391 892 καὶ
411 831 483 906 περὶ
505 827 731 906 ὀρθογραφίας
753 827 930 902 διεξιόντες,
951 826 1071 904 ἴδωμεν
1094 825 1138 900 εἰς
1155 823 1391 902 συμπλήρωσιν
1405 827 1464 898 τῆς

227 931 231 949 '
276 939 359 1016 πρὸς
377 939 414 999 τὸ
436 938 579 1014 τεχνικὸν
603 936 701 1013 μέρος
723 935 830 998 αὐτῶν
851 935 1077 1012 ἀντιρρήσεως
1097 934 1237 1010 πότερον
1260 931 1373 1010 ἔχουσί
1394 951 1464 992 τινα

275 1047 358 1123 πρὸς
380 1045 417 1106 τὸ
438 1044 610 1130 ἑλληνίζειν
637 1046 856 1106 συνεστῶσαν
877 1043 1019 1119 μέθοδον
1037 1041 1057 1116 ἢ
1077 1039 1232 1116 οὐδαμῶς
1254 1034 1465 1102 οιέιιιιὶλτίοι

278 1155 296 1232 ἕ
320 1152 392 1216 185;
414 1151 496 1228 πρὸς
517 1153 554 1212 δὲ
575 1153 612 1212 τὸ
632 1151 807 1226 Ιἑλληνίζειν
831 1149 972 1226 μεθόδου
991 1149 1079 1224 τινὸς
1099 1149 1150 1210 καὶ
1164 1147 1277 1224 τέχνης
1292 1149 1373 1208 κατὰ
1387 1148 1466 1221 τοὺς

277 1260 515 1336 γραμματικοὺς
537 1259 605 1320 ἐστι
627 1259 716 1336 χρεία
731 1258 944 1334 (conferatur
960 1257 1097 1336 enam§
1116 1257 1195 1336 188).
1223 1255 1290 1319 Hic
1305 1255 1463 1336 equidem

277 1367 448 1431 rationem
475 1367 569 1430 illam
602 1367 779 1446 (μέθοδον),
807 1384 913 1446 quam
942 1373 1193 1428 commemorat
1225 1363 1464 1441 Quintilianus,
1568 1415 1569 1418 ,

277 1491 443 1555 agnosco,
459 1475 514 1538 cui
529 1485 563 1538 et
577 1476 740 1554 analogia
752 1483 786 1537 et
797 1474 1010 1554 etymologia
1022 1473 1198 1536 subiectae
1211 1481 1299 1534 sunt.
1318 1470 1465 1534 Ratione

277 1591 394 1645 autem
418 1599 544 1660 sermo,
566 1582 631 1645 ie.
647 1581 850 1658 ἑλληνισμὸς,
873 1589 1019 1644 constat.
1052 1579 1303 1642 Testimonium
1318 1578 1469 1657 denique-

278 1689 398 1783 aiierri
419 1698 536 1769 potest
555 1690 639 1755 illud
660 1689 758 1752 Fabii
776 1689 898 1768 (19,1);
923 1688 1028 1751 »ratio
1050 1687 1214 1768 loquendi
1235 1698 1269 1748 et
1290 1685 1465 1749 enarratio
1568 1753 1569 1756 ς

278 1807 474 1874 auctorum,
516 1815 663 1876 quarum
704 1799 799 1860 illam
833 1797 1109 1874 methodicen,
1152 1798 1243 1858 hanc
1277 1795 1466 1858 historicen

279 1913 435 1967 vocant«
448 1905 469 1982 1)

388 2013 504 2092 Atque
526 2012 670 2088 κριτήρια
692 2013 831 2092 quidem
854 2013 922 2075 duo
938 2022 1072 2076 tantum
1089 2011 1292 2089 afferuntur,
1309 2011 1467 2086 ἀναλογία

280 2120 332 2198 (ἐξ
367 2119 537 2194 tto-240)
571 2127 606 2180 et
639 2118 830 2196 ἐτυμολογία
852 2120 903 2198 (ἐξ
931 2119 1114 2199 att-247),
1150 2137 1295 2199 quarum
1333 2119 1392 2182 illa
1423 2119 1466 2182 de

281 2226 518 2303 declinatione,
554 2229 644 2289 haec
679 2228 721 2289 de
752 2226 972 2307 impasitione
1005 2229 1193 2291 verborum
1215 2228 1296 2308 agit.
1305 2231 1329 2307 a)
1379 2229 1467 2290 Tres

280 2334 431 2414 reliquas
446 2345 579 2414 partes
600 2337 698 2400 Fabii
725 2336 805 2398 fons
826 2337 986 2400 Graecus
1007 2355 1078 2399 non
1098 2337 1253 2416 praebet.
1296 2336 1467 2400 Adiectae
1569 2348 1570 2351 ’

281 2442 384 2521 igitur
415 2453 495 2505 sunt
521 2443 557 2504 in
579 2443 777 2520 Quintiliani
798 2453 873 2506 arte
896 2463 916 2506 a
938 2444 1130 2524 posteriore
1153 2445 1289 2522 (Latino
1311 2454 1348 2506 ut
1369 2446 1466 2524 puto)

282 2559 433 2626 auctore,
456 2556 494 2612 ut
514 2567 584 2612 una
606 2569 684 2614 cum
702 2551 836 2614 ratione
852 2551 1137 2631 quadripertitam
1152 2551 1357 2614 divisionem
1371 2561 1466 2614 recte

281 2657 444 2737 loquendi
464 2661 608 2737 regulae
631 2659 827 2736 efiiceret.³)

391 2765 487 2828 Sexti
500 2765 570 2828 iarn
585 2775 771 2829 tractatum
787 2767 983 2846 diligentius
999 2768 1247 2830 examinemus,
1273 2769 1466 2832 Emendate

185 2892 187 2900 ’
282 2872 445 2952 loquendi
473 2872 541 2934 duo
570 2890 701 2952 genera
723 2882 862 2936 exstare
886 2874 965 2938 dicit
987 2876 1018 2954 (ξ
1041 2876 1126 2953 176)
1155 2875 1217 2951 ἤδη
1241 2877 1276 2936 δὲ
1297 2879 1356 2937 rori
1377 2876 1468 2952 ἑλλη-

391 3051 409 3110 ¹)
427 3051 576 3097 Historicen
595 3050 738 3114 ἀμέθοδον
761 3067 818 3099 esse
840 3053 1009 3115 Asclepiades
1027 3055 1082 3116 ipse
1105 3054 1217 3102 declarat
1239 3055 1348 3117 (525411
1367 3025 1467 3106 λοιπὸν

284 3139 322 3198 δέ,
342 3139 402 3190 ἐπεὶ
419 3139 447 3190 οἱ
462 3138 575 3200 πλείους
594 3141 811 3204 ὡμολογήκασιν
830 3141 900 3192 αὐτὸ
919 3142 961 3204 (τὸ
979 3142 1135 3206 ἱστορικόν)
1155 3143 1275 3205 ἄτεχνον
1293 3142 1425 3195 εἶναικαὶ
1438 3145 1467 3196 ἐκ

283 3232 333 3293 τῆς
352 3227 496 3292 ἀμεθδδου
513 3227 580 3292 ὕλης
598 3229 756 3292 τυγχάνειν.

392 3317 410 3373 ²)
428 3317 536 3366 Fabium
559 3319 584 3366 in
606 3319 755 3366 definitione
774 3320 955 3383 etymologiam
973 3321 1106 3384 analogiae
1125 3322 1273 3382 subiecisse,
1294 3331 1322 3370 ut
1338 3323 1466 3372 Usenerus

285 3409 347 3456 dicit
373 3411 408 3470 (p.
426 3408 490 3468 624),
515 3407 577 3454 mihi
602 3409 758 3470 persuadere
780 3424 834 3457 non
858 3425 972 3472 possum.
1005 3409 1078 3460 Duae
1100 3419 1186 3474 partes
1207 3413 1263 3474 pari
1280 3413 1358 3462 modo
1375 3414 1467 3461 rationi

285 3499 417 3546 subiectae
439 3510 497 3544 sunt
519 3499 549 3557 (c.
567 3497 602 3545 VI
616 3501 653 3560 1):
681 3499 832 3546 »Rationem
849 3508 963 3562 praestat
979 3503 1117 3564 praecipue
1135 3502 1260 3564 analogia,
1277 3517 1467 3566 nonnumquam

286 3597 310 3634 et
333 3587 512 3648 etymologia«.
545 3587 682 3634 Praeterea
703 3597 857 3636 vetustatem
880 3605 936 3636 cum
959 3591 1110 3642 auctoritate
1133 3591 1255 3639 confundi
1277 3595 1308 3650 (c.
1326 3592 1362 3640 Vi
1378 3596 1425 3653 39),
1442 3602 1467 3640 ut

286 3677 415 3724 Usenerus
433 3677 573 3736 contendit,
591 3693 641 3724 nnn
660 3679 798 3726 verisimile
817 3687 863 3730 est.
891 3679 957 3726 Nam
976 3681 1122 3738 auctoritas,
1139 3690 1166 3728 ut
1183 3683 1238 3744 ipse
1255 3681 1350 3728 Fabius
1368 3683 1436 3741 dicit,
1453 3698 1467 3728 a

286 3767 361 3813 claris
370 3767 499 3814 historicis
509 3769 549 3814 vel
557 3767 700 3815 oratoribus
711 3771 824 3816 omnium
832 3777 978 3831 temporum
986 3772 1040 3832 peti
1052 3771 1126 3828 solet,
1137 3771 1215 3818 verba
1224 3778 1308 3818 autem
1318 3787 1333 3818 a
1343 3780 1466 3820 vetustate

286 3857 395 3918 repetita
411 3866 516 3919 propter
532 3857 615 3904 solam
633 3858 810 3919 antiquitatem
828 3869 969 3906 assertores
986 3859 1088 3918 habent,
1105 3875 1157 3908 non
1175 3861 1244 3922 quod
1260 3861 1292 3908 ab
1308 3862 1359 3908 hoc
1371 3872 1413 3910 aut
1425 3862 1466 3910 iilo

287 3953 391 3992 auctore
408 3947 502 3994 tradita
519 3957 584 4005 sunt,
599 3957 628 3995 ut
646 3947 773 3996 Saliorum
791 3950 930 3996 carminum
948 3951 1026 3998 verba
1042 3954 1074 4012 (c.
1093 3951 1128 3998 VI
1145 3953 1192 4012 40).
1236 3951 1425 4016 Etymologiarn
1443 3961 1466 3999 et

287 4043 440 4082 vetustatem
459 4037 525 4097 apud
538 4037 722 4100 Quintilianum
740 4053 792 4086 non
810 4039 877 4086 idem
896 4040 1038 4101 significare
1056 4042 1284 4102 argumentationis
1301 4057 1354 4089 non
1370 4051 1435 4105 egea

394 4124 414 4186 3)
432 4125 489 4172 Hae
507 4135 558 4172 tres
575 4127 655 4174 fontis
668 4127 753 4174 Latini
765 4137 851 4190 partes
864 4139 997 4190 praeterea
1009 4145 1030 4182 c.
1043 4130 1064 4177 V
1078 4140 1091 4192 5
1104 4131 1276 4178 inveniuntur:
1296 4131 1466 4179 »Excusantur

286 4214 351 4261 haec
369 4215 431 4262 vitia
448 4224 490 4262 aut
509 4219 742 4265 consuetudine
765 4227 808 4266 aut
830 4221 1026 4268 auctoritate
1049 4230 1092 4269 aut
1113 4229 1276 4269 vetustate
1299 4232 1342 4270 aut
1359 4221 1465 4284 denique

288 4305 420 4351 vicinitate
442 4306 585 4352 virtutum«.
619 4307 670 4354 Sed
692 4308 758 4355 hunc
780 4309 865 4373 locum
886 4325 939 4357 non
956 4312 1077 4372 primario
1095 4311 1131 4357 illi
1148 4311 1214 4359 sonti
1231 4311 1393 4359 tribuendum
1411 4325 1465 4359 esse

287 4395 404 4442 vidimus.
