3168 5066
718 443 915 503 *54*-

225 635 309 709 τεθή,
332 628 413 703 οἷον,
435 629 461 692 εἰ
482 626 569 692 οὕτω
591 631 690 707 τύχοι,
712 629 817 706 ὄνομα
839 629 909 691 ἀντὶ
929 628 1143 705 ῥήματος...
1170 630 1188 706 ἢ
1213 632 1318 708 ὄνομα
1341 631 1410 694 ἀντὶ

227 737 456 836 ἐπιρρήματος.
468 787 475 801 .
488 787 494 798 .
508 787 514 800 .
537 737 555 812 ἢ
579 739 694 815 μετοχή
716 737 784 799 ἀντὶ
804 737 946 814 ῥήματος
958 786 964 800 .
978 785 984 798 .
997 785 1023 798 ..
1045 737 1064 812 ἣ
1086 722 1208 814 ἄρθρον
1225 737 1294 800 ἀντὶ
1308 737 1408 799 ἀντω-

225 843 355 919 νυμίας.
368 892 373 903 .
387 892 412 906 ..
435 844 453 920 ή
478 843 600 921 ἄρθρον
623 843 692 906 ἀντὶ
714 843 942 920 έπιρρήματοςῑ
1022 844 1042 919 ή
1066 843 1222 921 ἐπίρρημα
1244 844 1314 908 ἀντὶ
1334 865 1409 922 προ

226 949 427 1025 θέσεως...
449 951 468 1026 ἢ
492 950 570 1012 όταν
591 951 631 1012 τὰ
657 950 882 1028 συμβεβηκότα
908 954 978 1025 τοῖς
1003 954 1061 1012 τοῦ
1090 951 1189 1025 λόγου
1213 953 1343 1029 μέρεσιν
1366 953 1409 1028 εἰς

227 1056 352 1133 ἄλληλα
373 1047 622 1133 έναλλάσσηται,
645 1053 742 1133 εἶδος,
762 1059 866 1135 γένος,
890 1058 1042 1135 ἀριθμός·
1064 1057 1180 1134 ήόταν
1200 1059 1231 1121 αἱ
1253 1063 1411 1138 διαφοραὶ

225 1167 291 1226 τῶν
306 1164 528 1242 ἐπιρρημάτων
548 1165 566 1241 ή
584 1164 615 1226 αἱ
635 1165 816 1242 προθέσεις,
837 1166 858 1241 ή
880 1164 910 1228 οἱ
932 1165 1112 1242 σύνδεσμοι
1133 1166 1200 1242 ήαὶ
1219 1167 1324 1243 τάξεις
1343 1172 1409 1230 τῶν

228 1273 424 1349 συνδέσμων
436 1271 713 1334 έναλλᾶσσωνται,
725 1267 814 1348 εἶδος
825 1273 858 1335 έν
871 1275 928 1350 μέν
940 1273 1092 1350 ὀνόμασι·
1104 1273 1138 1336 έν
1154 1275 1182 1336 δ’
1196 1273 1411 1350 ἀντωνυμίαις

227 1375 323 1455 εἶδος,
352 1381 398 1454 ῶς
428 1378 616 1455 Ζηνόδοτος
643 1381 762 1458 γράφει
795 1385 936 1457 μνῆσαι
965 1383 1112 1458 πατρὸς
1143 1386 1230 1444 σεῖο
1259 1382 1329 1444 ἀντὶ
1352 1386 1410 1458 τῆς

228 1491 304 1550 doio
328 1491 487 1564 κτητικῆς·
511 1487 544 1549 έν
561 1489 597 1548 δὲ
612 1487 745 1565 ἄρθροις
761 1483 866 1563 εἶδος.
881 1539 887 1550 .
900 1539 925 1550 ..
946 1489 1041 1564 γένος
1061 1491 1098 1552 δὲ
1112 1489 1145 1552 ἐν
1163 1491 1219 1565 μέν
1235 1490 1409 1566 ὀνόμασιν·

228 1593 262 1656 ἐν
284 1597 320 1656 δέ
342 1599 491 1674 μετοχαῑς
511 1599 607 1671 γένος
619 1645 625 1657 .
638 1645 643 1657 .
657 1645 681 1658 ..
704 1595 840 1673 ἀριθμὸς
855 1598 891 1658 δέ
910 1596 944 1659 έν
960 1598 1016 1674 μέν
1033 1596 1173 1673 ὀνόμασι
1183 1646 1264 1659 .....
1288 1597 1410 1674 ὁμοίως

227 1704 263 1764 δὲ
289 1704 339 1764 καὶ
365 1703 494 1778 ἐντοῖς
522 1702 633 1778 ἄλλοις
661 1697 718 1764 τοθ
748 1703 847 1778 λόγου
877 1704 1007 1781 μέρεσιν
1036 1704 1062 1766 εἰ
1091 1703 1353 1766 ἐναλλάσσοιντο
1380 1703 1411 1766 οἱ

228 1809 363 1887 ἀριθμοί,
390 1811 462 1886 περὶ
481 1812 516 1871 δέ
537 1813 654 1887 σχήμα,
670 1813 716 1885 ῶς
731 1810 765 1872 ἑν
781 1810 1013 1886 ἄντωνυμίαις.
1027 1859 1033 1872 .
1046 1861 1071 1872 ..
1093 1815 1217 1886 πτῶσις
1240 1813 1276 1872 δὲ
1298 1811 1332 1873 ἐν
1352 1812 1410 1887 μὲν

228 1917 386 1994 ὀνόμασιν
400 1965 406 1981 .
419 1966 425 1978 .
439 1966 463 1978 ..
486 1915 522 1979 ἐν
539 1919 574 1980 δὲ
592 1920 743 1994 μετοχαῑς
757 1920 913 1992 πτῶσις..
927 1967 952 1981 ..
974 1917 1009 1980 ἐν
1033 1919 1068 1979 δὲ
1091 1917 1305 1994 ἄντωνυμίαις
1325 1922 1410 1980 πτῶ·

228 2039 355 2100 σις....
378 2024 414 2086 ἐν
435 2025 470 2087 δέ
493 2023 625 2101 ἄρθροις
646 2028 840 2100 πτῶσις...
862 2026 932 2102 περὶ
954 2026 990 2085 δέ
1011 2025 1069 2100 τὰς
1091 2025 1320 2100 ἐγκλίσεις...
1344 2029 1408 2087 δια-

228 2133 334 2208 θέσεις
364 2131 398 2194 έν
428 2131 637 2210 ῥήμασιν...
670 2132 831 2208 διαθέσεις
860 2131 894 2194 έν
924 2136 1145 2209 μετοχαῑς....
1178 2133 1343 2210 πρόσωπα
1375 2133 1411 2195 ἐν

228 2239 384 2316 ῥήμασιν.
398 2288 422 2299 ..
439 2288 444 2300 .
465 2238 628 2316 πρόσωπα
651 2238 687 2300 ἐν
708 2239 936 2316 ἄντωνυμίαις.
950 2288 955 2300 .
968 2288 994 2302 ..
1018 2239 1130 2317 χρόνοι
1146 2239 1179 2301 έν
1196 2238 1370 2316 ῥήμασιν..
1384 2289 1389 2300 .
1403 2289 1409 2301 .

228 2346 262 2408 ἑν
282 2348 317 2409 δὲ
342 2349 491 2424 μετοχαῖς
512 2345 639 2423 χρόνοι.
653 2395 658 2406 .
671 2395 697 2408 ..
727 2345 761 2407 ἐν
784 2347 820 2406 δὲ
844 2346 1038 2423 ἐπιρρήμασι
1057 2347 1175 2421 γίνεται
1197 2347 1412 2423 σολοικισμὸς

228 2449 349 2530 οὕτως·
378 2455 438 2515 καὶ
465 2452 556 2516 εἴσω
587 2454 730 2530 δόρπον
753 2453 923 2532 ἐκόσμει,
947 2453 1016 2516 ἀντὶ
1036 2457 1094 2516 τοῦ
1118 2453 1290 2517 ένδον....
1318 2454 1353 2516 έν
1375 2456 1410 2516 δὲ

227 2561 424 2639 προθέσεσιν
438 2610 443 2622 .
456 2611 462 2622 .
475 2610 501 2624 ..
523 2561 557 2622 έν
573 2562 609 2622 δέ
625 2561 838 2638 συνδέσμοις·
851 2611 856 2622 .
870 2611 895 2625 ..
917 2563 988 2639 περὶ
1011 2563 1046 2624 δὲ
1070 2563 1128 2637 τήν
1151 2561 1332 2637 ἐναλλαγήν
1353 2564 1414 2637 τῆς

229 2668 415 2744 συντάξεως
434 2673 499 2730 τῶν
525 2670 721 2746 συνδέσμων
742 2669 859 2744 γίνεται
884 2671 1097 2748 σολοικισμὸς
1125 2669 1232 2744 οὕτως
1258 2668 1304 2745 ῶς
1324 2671 1414 2746 παρὰ

230 2775 425 2855 Μενάνδρω

510 2865 680 2942 θυγάτριον
703 2866 720 2941 ἡ
744 2868 803 2927 νῦν
826 2865 929 2944 ἡμέρα
951 2865 1065 2928 δίδωσί
1087 2884 1140 2941 μοι

612 2973 631 3047 ἢ
655 2972 753 3036 δόξαν
775 2973 845 3047 ἢτοι
868 2973 1031 3050 διαβολήν.

231 3080 326 3158 έχρήν
355 3081 416 3156 γὰρ
443 3079 513 3155 ήτοι
539 3079 637 3142 δόξαν
664 3080 682 3154 ή
707 3079 870 3156 διαβολήν.
912 3082 1012 3141 ταῦτα
1040 3081 1075 3142 δὲ
1100 3080 1204 3142 πάντα
1229 3081 1317 3156 παρὰ
1343 3083 1415 3156 τοῖς

231 3190 287 3266 μέν
308 3191 456 3264 ποιηταῖς
482 3187 643 3265 σχήματα,
672 3187 742 3249 καθ’
766 3186 921 3253 ὑπόθεσιν
949 3188 984 3248 δὲ
1012 3187 1045 3249 έν
1072 3188 1163 3268 χώρᾳ
1191 3189 1412 3264 σολοικισμῶν

229 3295 476 3373 παρείληπταιέλ

232 3439 347 3488 tractatu,
370 3430 412 3492 qui
434 3430 499 3477 hanc
521 3430 552 3476 de
571 3430 726 3478 soloecismo
743 3429 953 3476 dissertationem
969 3429 1108 3492 praecedit,
1126 3437 1246 3492 quattuor
1262 3430 1417 3478 barbarismi

231 3518 338 3582 τρόποι,
356 3520 381 3566 in
399 3519 489 3581 quibus
507 3519 583 3566 etiarn
601 3519 752 3576 μετάθεσιν
770 3520 920 3576 invenimus,
938 3520 1108 3582 proferuntur.
1136 3519 1247 3576 Dubium
1265 3519 1340 3580 igitur
1352 3517 1415 3566 mihi

232 3623 288 3655 esse
310 3624 362 3656 non
379 3616 473 3672 potest,
492 3610 551 3670 quin
570 3610 594 3656 in
606 3607 705 3669 Polybii
720 3609 751 3656 de
770 3609 925 3656 soloecismo
944 3611 1063 3671 epitoma,
1082 3624 1146 3672 quae
1164 3610 1239 3656 nobis
1257 3608 1350 3656 tradita
1368 3616 1414 3667 est,

233 3699 356 3761 exempla,
375 3699 465 3760 quibus
483 3699 630 3761 μετάθεσις
649 3699 822 3758 illustraretur,
841 3701 866 3746 in
883 3699 932 3746 fine
951 3701 1028 3746 totius
1046 3700 1126 3761 partis
1145 3699 1293 3749 exciderint.

343 3789 360 3850 ¹)
379 3789 444 3837 Cum
462 3788 579 3851 exemplo
598 3803 628 3836 ex
645 3787 763 3848 Odyssea
778 3788 931 3851 deprompto
945 3787 990 3840 καὶ
1007 3789 1076 3840 εἵσω
1089 3788 1198 3852 δόρπον
1212 3786 1332 3850 ἐκόσμει,
1346 3785 1415 3849 quod

234 3879 311 3926 etiam
332 3879 358 3926 in
379 3880 498 3940 Dionysii
523 3878 677 3926 scholiastae
700 3887 809 3925 tractatu
831 3879 981 3938 invenimus,
1005 3880 1151 3926 conferatur
1173 3877 1324 3940 Quintiliani
1346 3875 1360 3940 ᾗ
1384 3885 1417 3937 5ο

234 3969 325 4030 capitis
343 3967 375 4014 V:
402 3967 475 4014 »Hoc
496 3968 604 4030 amplius
622 3965 708 4016 ‘intro'
735 3977 760 4016 et
780 3966 866 4016 ‘intus’
889 3969 940 4016 loci
963 3969 1090 4026 adverbia,
1110 3965 1162 4016 ‘eo’
1185 3963 1371 4016 tamen‘intus'
1390 3974 1416 4013 et

228 4057 308 4104 ‘intro
331 4055 393 4104 sum’
419 4057 566 4106 soloecismi
587 4067 666 4111 sunt«
701 4058 722 4105 E
745 4057 845 4106 Graeco
868 4066 978 4106 tractatu
998 4058 1048 4105 hoc
1071 4060 1121 4106 iam
1142 4057 1255 4106 Lucilius
1278 4057 1417 4120 repetierat

234 4147 408 4210 imitandoque
427 4157 587 4211 expresserat
603 4148 652 4207 (lX
669 4159 699 4206 30
715 4147 829 4204 Mueller,
848 4164 869 4194 v.
890 4160 949 4208 1133
966 4148 1136 4206 Lachrnannlt

424 4253 496 4284 »nam
514 4238 582 4285 velut
599 4239 665 4284 intro
683 4238 750 4284 aliud
768 4238 844 4300 longe
863 4253 920 4286 esse
938 4248 1013 4300 atque
1031 4239 1099 4286 intus
1117 4237 1232 4284 videmus

424 4327 460 4373 sic
479 4329 540 4374 item
558 4327 624 4390 apud
642 4342 669 4374 se
686 4327 762 4390 longe
780 4328 831 4374 alid
849 4337 894 4385 est,
912 4343 996 4390 neque
1014 4329 1075 4374 item
1093 4327 1161 4374 valet
1179 4327 1210 4373 ad
1229 4341 1268 4374 se:

423 4417 490 4463 intro
508 4431 555 4463 nos
573 4425 648 4464 vocat
666 4417 698 4463 ad
716 4431 780 4472 sese,
799 4425 869 4463 terret
887 4417 954 4464 intus
972 4417 1038 4478 apud
1057 4432 1106 4463 τοι
