<?xml version="1.0" encoding="UTF-8"?>
<!DOCTYPE html PUBLIC "-//W3C//DTD XHTML 1.0 Transitional//EN"
    "http://www.w3.org/TR/xhtml1/DTD/xhtml1-transitional.dtd">
<html xmlns="http://www.w3.org/1999/xhtml" xml:lang="en" lang="en">
 <head>
  <title>
</title>
<meta http-equiv="Content-Type" content="text/html;charset=utf-8" />
  <meta name='ocr-system' content='tesseract 3.04.00' />
  <meta name='ocr-capabilities' content='ocr_page ocr_carea ocr_par ocr_line ocrx_word'/>
</head>
<body>
  <div class='ocr_page' id='page_1' title='image "./dequintilianise00heingoog_0055.png"; bbox 0 0 3168 5066; ppageno 0'>
   <div class='ocr_carea' id='block_1_1' title="bbox 682 394 964 504">
    <p class='ocr_par' dir='ltr' id='par_1_1' title="bbox 682 394 964 504">
     <span class='ocr_line' id='line_1_1' title="bbox 682 394 964 504; baseline 0 -98"><span class='ocrx_word' id='word_1_1' title='bbox 682 394 964 504; x_wconf 52' lang='lat' dir='ltr'><strong>st-a-</strong></span> 
     </span>
    </p>
   </div>
   <div class='ocr_carea' id='block_1_2' title="bbox 276 610 1465 2307">
    <p class='ocr_par' dir='ltr' id='par_1_2' title="bbox 276 610 1465 2307">
     <span class='ocr_line' id='line_1_2' title="bbox 384 610 1462 692; baseline 0 -18"><span class='ocrx_word' id='word_1_2' title='bbox 384 613 515 688; x_wconf 88' lang='lat' dir='ltr'><strong>Restat‚</strong></span> <span class='ocrx_word' id='word_1_3' title='bbox 538 621 575 674; x_wconf 88' lang='lat' dir='ltr'><strong>ut</strong></span> <span class='ocrx_word' id='word_1_4' title='bbox 596 613 762 674; x_wconf 87' lang='lat' dir='ltr'><strong>nonnulla</strong></span> <span class='ocrx_word' id='word_1_5' title='bbox 782 611 922 690; x_wconf 80' lang='lat' dir='ltr'><strong>singula</strong></span> <span class='ocrx_word' id='word_1_6' title='bbox 941 610 1043 673; x_wconf 86' lang='lat' dir='ltr'><strong>huius</strong></span> <span class='ocrx_word' id='word_1_7' title='bbox 1062 611 1172 690; x_wconf 90' lang='lat' dir='ltr'><strong>partis</strong></span> <span class='ocrx_word' id='word_1_8' title='bbox 1187 611 1237 692; x_wconf 79' lang='lat'><strong>(§§</strong></span> <span class='ocrx_word' id='word_1_9' title='bbox 1251 613 1364 687; x_wconf 83' lang='grc'>5-17)</span> <span class='ocrx_word' id='word_1_10' title='bbox 1385 628 1462 674; x_wconf 90' lang='lat' dir='ltr'><strong>con-</strong></span> 
     </span>
     <span class='ocr_line' id='line_1_3' title="bbox 277 717 1462 802; baseline -0.002 -18"><span class='ocrx_word' id='word_1_11' title='bbox 277 724 493 802; x_wconf 88' lang='lat' dir='ltr'><strong>templemur.</strong></span> <span class='ocrx_word' id='word_1_12' title='bbox 523 719 671 782; x_wconf 84' lang='lat' dir='ltr'><strong>Cautum</strong></span> <span class='ocrx_word' id='word_1_13' title='bbox 693 719 902 782; x_wconf 84' lang='lat' dir='ltr'><strong>vocabulum</strong></span> <span class='ocrx_word' id='word_1_14' title='bbox 926 717 957 797; x_wconf 63' lang='grc' dir='ltr'><strong>(ξ</strong></span> <span class='ocrx_word' id='word_1_15' title='bbox 978 718 1010 795; x_wconf 83' lang='grc'><strong>8)</strong></span> <span class='ocrx_word' id='word_1_16' title='bbox 1033 719 1126 797; x_wconf 90' lang='lat' dir='ltr'><strong>apud</strong></span> <span class='ocrx_word' id='word_1_17' title='bbox 1145 719 1302 782; x_wconf 85' lang='lat' dir='ltr'><strong>Persium</strong></span> <span class='ocrx_word' id='word_1_18' title='bbox 1321 729 1462 800; x_wconf 87' lang='lat' dir='ltr'><strong>poetam</strong></span> 
     </span>
     <span class='ocr_line' id='line_1_4' title="bbox 276 825 1461 909; baseline -0.003 -18"><span class='ocrx_word' id='word_1_19' title='bbox 276 831 312 891; x_wconf 92' lang='lat' dir='ltr'><strong>in</strong></span> <span class='ocrx_word' id='word_1_20' title='bbox 343 827 482 909; x_wconf 84' lang='lat' dir='ltr'>quintae</span> <span class='ocrx_word' id='word_1_21' title='bbox 517 837 657 892; x_wconf 87' lang='lat' dir='ltr'><strong>saturae</strong></span> <span class='ocrx_word' id='word_1_22' title='bbox 688 845 794 890; x_wconf 87' lang='lat' dir='ltr'><strong>versu</strong></span> <span class='ocrx_word' id='word_1_23' title='bbox 825 827 860 888; x_wconf 90' lang='lat'><strong>71</strong></span> <span class='ocrx_word' id='word_1_24' title='bbox 885 825 1094 889; x_wconf 87' lang='lat' dir='ltr'><strong>invenimus:</strong></span> <span class='ocrx_word' id='word_1_25' title='bbox 1133 827 1357 890; x_wconf 75' lang='lat' dir='ltr'><strong>»Vettentem</strong></span> <span class='ocrx_word' id='word_1_26' title='bbox 1383 845 1461 890; x_wconf 88' lang='lat' dir='ltr'><strong>sese</strong></span> 
     </span>
     <span class='ocr_line' id='line_1_5' title="bbox 277 933 1463 1014; baseline -0.002 -15"><span class='ocrx_word' id='word_1_27' title='bbox 277 937 408 1000; x_wconf 85' lang='lat' dir='ltr'><strong>frustra</strong></span> <span class='ocrx_word' id='word_1_28' title='bbox 429 937 609 1000; x_wconf 82' lang='lat' dir='ltr'>sectabere</span> <span class='ocrx_word' id='word_1_29' title='bbox 631 944 800 998; x_wconf 78' lang='lat' dir='ltr'><strong>cantum«</strong></span> <span class='ocrx_word' id='word_1_30' title='bbox 830 933 987 996; x_wconf 83' lang='lat' dir='ltr'><strong>Persium</strong></span> <span class='ocrx_word' id='word_1_31' title='bbox 1002 934 1223 999; x_wconf 83' lang='lat' dir='ltr'><strong>Palaemonis</strong></span> <span class='ocrx_word' id='word_1_32' title='bbox 1245 935 1463 1014; x_wconf 78' lang='lat' dir='ltr'><strong>grammatici</strong></span> 
     </span>
     <span class='ocr_line' id='line_1_6' title="bbox 277 1041 1462 1123; baseline -0.002 -17"><span class='ocrx_word' id='word_1_33' title='bbox 277 1045 482 1123; x_wconf 85' lang='lat' dir='ltr'><strong>discipulum</strong></span> <span class='ocrx_word' id='word_1_34' title='bbox 511 1043 622 1105; x_wconf 85' lang='lat' dir='ltr'><strong>luisse</strong></span> <span class='ocrx_word' id='word_1_35' title='bbox 648 1051 793 1104; x_wconf 90' lang='lat' dir='ltr'><strong>constat.</strong></span> <span class='ocrx_word' id='word_1_36' title='bbox 836 1041 955 1120; x_wconf 90' lang='lat' dir='ltr'><strong>Itaque</strong></span> <span class='ocrx_word' id='word_1_37' title='bbox 983 1042 1077 1104; x_wconf 90' lang='lat' dir='ltr'><strong>haud</strong></span> <span class='ocrx_word' id='word_1_38' title='bbox 1104 1041 1177 1104; x_wconf 87' lang='lat' dir='ltr'><strong>scio</strong></span> <span class='ocrx_word' id='word_1_39' title='bbox 1204 1059 1250 1104; x_wconf 90' lang='lat' dir='ltr'><strong>an</strong></span> <span class='ocrx_word' id='word_1_40' title='bbox 1270 1043 1338 1104; x_wconf 91' lang='lat' dir='ltr'><strong>hoc</strong></span> <span class='ocrx_word' id='word_1_41' title='bbox 1359 1059 1462 1105; x_wconf 84' lang='lat' dir='ltr'><strong>voca-</strong></span> 
     </span>
     <span class='ocr_line' id='line_1_7' title="bbox 277 1149 1463 1230; baseline -0.002 -16"><span class='ocrx_word' id='word_1_42' title='bbox 277 1153 396 1215; x_wconf 92' lang='lat' dir='ltr'><strong>bulum</strong></span> <span class='ocrx_word' id='word_1_43' title='bbox 427 1169 470 1213; x_wconf 83' lang='lat' dir='ltr'><strong>ex</strong></span> <span class='ocrx_word' id='word_1_44' title='bbox 499 1151 613 1230; x_wconf 91' lang='lat' dir='ltr'><strong>aliquo</strong></span> <span class='ocrx_word' id='word_1_45' title='bbox 634 1149 854 1213; x_wconf 80' lang='lat' dir='ltr'><strong>Palaemonis</strong></span> <span class='ocrx_word' id='word_1_46' title='bbox 882 1149 990 1228; x_wconf 89' lang='lat' dir='ltr'><strong>ipsius</strong></span> <span class='ocrx_word' id='word_1_47' title='bbox 1012 1149 1099 1214; x_wconf 91' lang='lat' dir='ltr'><strong>libro</strong></span> <span class='ocrx_word' id='word_1_48' title='bbox 1121 1168 1142 1212; x_wconf 91' lang='lat' dir='ltr'><strong>a</strong></span> <span class='ocrx_word' id='word_1_49' title='bbox 1162 1149 1281 1212; x_wconf 88' lang='lat' dir='ltr'><strong>Persio</strong></span> <span class='ocrx_word' id='word_1_50' title='bbox 1304 1158 1338 1211; x_wconf 89' lang='lat' dir='ltr'><strong>et</strong></span> <span class='ocrx_word' id='word_1_51' title='bbox 1361 1149 1463 1226; x_wconf 88' lang='lat' dir='ltr'><strong>Quin-</strong></span> 
     </span>
     <span class='ocr_line' id='line_1_8' title="bbox 278 1256 1462 1338; baseline -0.002 -18"><span class='ocrx_word' id='word_1_52' title='bbox 278 1259 396 1321; x_wconf 92' lang='lat' dir='ltr'><strong>tiliano</strong></span> <span class='ocrx_word' id='word_1_53' title='bbox 422 1258 597 1337; x_wconf 84' lang='lat' dir='ltr'><strong>discipulis</strong></span> <span class='ocrx_word' id='word_1_54' title='bbox 626 1259 870 1338; x_wconf 88' lang='lat' dir='ltr'><strong>depromptum</strong></span> <span class='ocrx_word' id='word_1_55' title='bbox 891 1259 943 1322; x_wconf 90' lang='lat' dir='ltr'><strong>sit.</strong></span> <span class='ocrx_word' id='word_1_56' title='bbox 987 1258 1113 1328; x_wconf 79' lang='lat' dir='ltr'><strong>Cetera</strong></span> <span class='ocrx_word' id='word_1_57' title='bbox 1134 1257 1235 1320; x_wconf 93' lang='lat' dir='ltr'><strong>huius</strong></span> <span class='ocrx_word' id='word_1_58' title='bbox 1257 1256 1366 1335; x_wconf 87' lang='lat' dir='ltr'><strong>partis</strong></span> <span class='ocrx_word' id='word_1_59' title='bbox 1387 1258 1462 1318; x_wconf 91' lang='lat' dir='ltr'><strong>bar-</strong></span> 
     </span>
     <span class='ocr_line' id='line_1_9' title="bbox 277 1364 1462 1446; baseline -0.002 -18"><span class='ocrx_word' id='word_1_60' title='bbox 277 1367 420 1430; x_wconf 85' lang='lat' dir='ltr'><strong>barismi</strong></span> <span class='ocrx_word' id='word_1_61' title='bbox 435 1369 605 1445; x_wconf 87' lang='lat' dir='ltr'><strong>exempla,</strong></span> <span class='ocrx_word' id='word_1_62' title='bbox 622 1383 768 1446; x_wconf 90' lang='lat' dir='ltr'><strong>quorum</strong></span> <span class='ocrx_word' id='word_1_63' title='bbox 783 1375 945 1429; x_wconf 84' lang='lat' dir='ltr'><strong>auctores</strong></span> <span class='ocrx_word' id='word_1_64' title='bbox 959 1366 1087 1428; x_wconf 89' lang='lat' dir='ltr'><strong>Fabius</strong></span> <span class='ocrx_word' id='word_1_65' title='bbox 1102 1365 1257 1428; x_wconf 85' lang='lat' dir='ltr'><strong>nominat</strong></span> <span class='ocrx_word' id='word_1_66' title='bbox 1272 1365 1328 1443; x_wconf 89' lang='lat' dir='ltr'><strong>(de</strong></span> <span class='ocrx_word' id='word_1_67' title='bbox 1339 1364 1462 1445; x_wconf 91' lang='lat' dir='ltr'><strong>quibus</strong></span> 
     </span>
     <span class='ocr_line' id='line_1_10' title="bbox 279 1472 1464 1554; baseline -0.002 -18"><span class='ocrx_word' id='word_1_68' title='bbox 279 1474 504 1538; x_wconf 86' lang='lat' dir='ltr'><strong>Claussenius</strong></span> <span class='ocrx_word' id='word_1_69' title='bbox 536 1475 557 1537; x_wconf 92' lang='lat' dir='ltr'><strong>l.</strong></span> <span class='ocrx_word' id='word_1_70' title='bbox 579 1476 599 1535; x_wconf 94' lang='lat' dir='ltr'><strong>l.</strong></span> <span class='ocrx_word' id='word_1_71' title='bbox 628 1493 659 1554; x_wconf 89' lang='lat' dir='ltr'><strong>p.</strong></span> <span class='ocrx_word' id='word_1_72' title='bbox 687 1475 747 1536; x_wconf 82' lang='lat'><strong>379</strong></span> <span class='ocrx_word' id='word_1_73' title='bbox 774 1475 940 1536; x_wconf 93' lang='lat' dir='ltr'><strong>nonnulla</strong></span> <span class='ocrx_word' id='word_1_74' title='bbox 968 1472 1083 1546; x_wconf 74' lang='lat' dir='ltr'><strong>affert)</strong></span> <span class='ocrx_word' id='word_1_75' title='bbox 1106 1473 1198 1536; x_wconf 87' lang='lat' dir='ltr'><strong>mihi</strong></span> <span class='ocrx_word' id='word_1_76' title='bbox 1230 1474 1274 1535; x_wconf 92' lang='lat' dir='ltr'><strong>ad</strong></span> <span class='ocrx_word' id='word_1_77' title='bbox 1305 1481 1464 1535; x_wconf 89' lang='lat' dir='ltr'><strong>nostram</strong></span> 
     </span>
     <span class='ocr_line' id='line_1_11' title="bbox 278 1559 1464 1645; baseline -0.002 -1"><span class='ocrx_word' id='word_1_78' title='bbox 278 1582 558 1644; x_wconf 83' lang='lat' dir='ltr'><strong>dissertationem</strong></span> <span class='ocrx_word' id='word_1_79' title='bbox 585 1582 710 1645; x_wconf 89' lang='lat' dir='ltr'><strong>nullius</strong></span> <span class='ocrx_word' id='word_1_80' title='bbox 738 1582 904 1645; x_wconf 89' lang='lat' dir='ltr'><strong>momenti</strong></span> <span class='ocrx_word' id='word_1_81' title='bbox 926 1559 1004 1644; x_wconf 82' lang='lat' dir='ltr'><strong>esse</strong></span> <span class='ocrx_word' id='word_1_82' title='bbox 1024 1581 1193 1644; x_wconf 89' lang='lat' dir='ltr'><strong>videntur.</strong></span> <span class='ocrx_word' id='word_1_83' title='bbox 1237 1579 1397 1644; x_wconf 79' lang='lat' dir='ltr'><strong>Conferri</strong></span> <span class='ocrx_word' id='word_1_84' title='bbox 1419 1582 1464 1642; x_wconf 90' lang='lat' dir='ltr'><strong>ad</strong></span> 
     </span>
     <span class='ocr_line' id='line_1_12' title="bbox 278 1687 1463 1752; baseline -0.002 0"><span class='ocrx_word' id='word_1_85' title='bbox 278 1691 370 1752; x_wconf 88' lang='lat' dir='ltr'><strong>hunc</strong></span> <span class='ocrx_word' id='word_1_86' title='bbox 391 1699 708 1752; x_wconf 87' lang='lat' dir='ltr'><strong>totumtractatum</strong></span> <span class='ocrx_word' id='word_1_87' title='bbox 724 1689 901 1752; x_wconf 86' lang='lat' dir='ltr'><strong>Consentii</strong></span> <span class='ocrx_word' id='word_1_88' title='bbox 921 1689 964 1751; x_wconf 88' lang='lat' dir='ltr'><strong>de</strong></span> <span class='ocrx_word' id='word_1_89' title='bbox 979 1689 1072 1751; x_wconf 91' lang='lat' dir='ltr'><strong>vitiis</strong></span> <span class='ocrx_word' id='word_1_90' title='bbox 1086 1689 1250 1751; x_wconf 88' lang='lat' dir='ltr'><strong>orationis</strong></span> <span class='ocrx_word' id='word_1_91' title='bbox 1266 1687 1463 1751; x_wconf 85' lang='lat' dir='ltr'><strong>dissertatio</strong></span> 
     </span>
     <span class='ocr_line' id='line_1_13' title="bbox 279 1795 1464 1876; baseline -0.001 -18"><span class='ocrx_word' id='word_1_92' title='bbox 279 1806 393 1876; x_wconf 90' lang='lat' dir='ltr'><strong>potest</strong></span> <span class='ocrx_word' id='word_1_93' title='bbox 409 1796 499 1876; x_wconf 86' lang='lat' dir='ltr'><strong>(Keil</strong></span> <span class='ocrx_word' id='word_1_94' title='bbox 515 1813 565 1876; x_wconf 81' lang='lat' dir='ltr'><strong>gr.</strong></span> <span class='ocrx_word' id='word_1_95' title='bbox 577 1797 615 1858; x_wconf 86' lang='lat' dir='ltr'><strong>L.</strong></span> <span class='ocrx_word' id='word_1_96' title='bbox 627 1797 661 1859; x_wconf 86' lang='lat' dir='ltr'>V</span> <span class='ocrx_word' id='word_1_97' title='bbox 673 1797 732 1858; x_wconf 81' lang='lat'><strong>386</strong></span> <span class='ocrx_word' id='word_1_98' title='bbox 743 1798 839 1876; x_wconf 84' lang='lat' dir='ltr'><strong>sqq).</strong></span> <span class='ocrx_word' id='word_1_99' title='bbox 849 1798 871 1873; x_wconf 56' lang='grc' dir='ltr'><strong>ί)</strong></span> <span class='ocrx_word' id='word_1_100' title='bbox 887 1797 952 1858; x_wconf 87' lang='lat' dir='ltr'><strong>Hic</strong></span> <span class='ocrx_word' id='word_1_101' title='bbox 968 1797 1092 1859; x_wconf 92' lang='lat' dir='ltr'><strong>eodem</strong></span> <span class='ocrx_word' id='word_1_102' title='bbox 1106 1796 1211 1858; x_wconf 91' lang='lat' dir='ltr'><strong>modo</strong></span> <span class='ocrx_word' id='word_1_103' title='bbox 1225 1795 1464 1858; x_wconf 87' lang='lat' dir='ltr'><strong>barbarismus</strong></span> 
     </span>
     <span class='ocr_line' id='line_1_14' title="bbox 279 1904 1465 1982; baseline -0.002 -14"><span class='ocrx_word' id='word_1_104' title='bbox 279 1913 314 1968; x_wconf 91' lang='lat' dir='ltr'><strong>et</strong></span> <span class='ocrx_word' id='word_1_105' title='bbox 336 1905 562 1966; x_wconf 86' lang='lat' dir='ltr'><strong>soloecismus</strong></span> <span class='ocrx_word' id='word_1_106' title='bbox 591 1904 844 1981; x_wconf 89' lang='lat' dir='ltr'><strong>discernuntur;</strong></span> <span class='ocrx_word' id='word_1_107' title='bbox 874 1905 936 1968; x_wconf 89' lang='lat' dir='ltr'><strong>sed</strong></span> <span class='ocrx_word' id='word_1_108' title='bbox 960 1904 1197 1967; x_wconf 89' lang='lat' dir='ltr'><strong>barbarismus</strong></span> <span class='ocrx_word' id='word_1_109' title='bbox 1218 1904 1293 1982; x_wconf 91' lang='lat' dir='ltr'><strong>ipse</strong></span> <span class='ocrx_word' id='word_1_110' title='bbox 1315 1922 1336 1966; x_wconf 94' lang='lat' dir='ltr'><strong>a</strong></span> <span class='ocrx_word' id='word_1_111' title='bbox 1357 1913 1465 1966; x_wconf 91' lang='lat' dir='ltr'><strong>meta-</strong></span> 
     </span>
     <span class='ocr_line' id='line_1_15' title="bbox 279 1999 1465 2093; baseline -0.001 -19"><span class='ocrx_word' id='word_1_112' title='bbox 279 2013 424 2093; x_wconf 90' lang='lat' dir='ltr'><strong>plasmis</strong></span> <span class='ocrx_word' id='word_1_113' title='bbox 446 1999 718 2092; x_wconf 82' lang='lat' dir='ltr'><strong>separatur,·qui</strong></span> <span class='ocrx_word' id='word_1_114' title='bbox 739 2013 773 2075; x_wconf 93' lang='lat' dir='ltr'><strong>in</strong></span> <span class='ocrx_word' id='word_1_115' title='bbox 794 2021 957 2092; x_wconf 84' lang='lat' dir='ltr'><strong>poemate</strong></span> <span class='ocrx_word' id='word_1_116' title='bbox 978 2013 1011 2076; x_wconf 89' lang='lat' dir='ltr'><strong>in</strong></span> <span class='ocrx_word' id='word_1_117' title='bbox 1027 2013 1182 2092; x_wconf 91' lang='lat' dir='ltr'><strong>partibus</strong></span> <span class='ocrx_word' id='word_1_118' title='bbox 1198 2011 1362 2074; x_wconf 90' lang='lat' dir='ltr'><strong>orationis</strong></span> <span class='ocrx_word' id='word_1_119' title='bbox 1378 2012 1465 2074; x_wconf 89' lang='lat' dir='ltr'><strong>acci-</strong></span> 
     </span>
     <span class='ocr_line' id='line_1_16' title="bbox 280 2119 1465 2200; baseline -0.001 -18"><span class='ocrx_word' id='word_1_120' title='bbox 280 2122 376 2200; x_wconf 76' lang='lat' dir='ltr'><strong>dunt,</strong></span> <span class='ocrx_word' id='word_1_121' title='bbox 399 2130 583 2199; x_wconf 89' lang='lat' dir='ltr'><strong>praeterea</strong></span> <span class='ocrx_word' id='word_1_122' title='bbox 605 2139 625 2182; x_wconf 89' lang='lat' dir='ltr'><strong>a</strong></span> <span class='ocrx_word' id='word_1_123' title='bbox 646 2121 863 2183; x_wconf 88' lang='lat' dir='ltr'><strong>barbarismo</strong></span> <span class='ocrx_word' id='word_1_124' title='bbox 879 2120 1119 2183; x_wconf 84' lang='lat' dir='ltr'><strong>barbarolexis</strong></span> <span class='ocrx_word' id='word_1_125' title='bbox 1135 2119 1334 2198; x_wconf 81' lang='lat' dir='ltr'><strong>seiungitur,</strong></span> <span class='ocrx_word' id='word_1_126' title='bbox 1356 2137 1465 2200; x_wconf 81' lang='lat' dir='ltr'><strong>»quae</strong></span> 
     </span>
     <span class='ocr_line' id='line_1_17' title="bbox 279 2226 1465 2307; baseline -0.003 -16"><span class='ocrx_word' id='word_1_127' title='bbox 279 2247 347 2291; x_wconf 92' lang='lat' dir='ltr'><strong>uno</strong></span> <span class='ocrx_word' id='word_1_128' title='bbox 380 2229 484 2290; x_wconf 90' lang='lat' dir='ltr'><strong>modo</strong></span> <span class='ocrx_word' id='word_1_129' title='bbox 520 2237 654 2290; x_wconf 90' lang='lat' dir='ltr'><strong>tantum</strong></span> <span class='ocrx_word' id='word_1_130' title='bbox 689 2228 910 2307; x_wconf 82' lang='lat' dir='ltr'><strong>intellegitur,</strong></span> <span class='ocrx_word' id='word_1_131' title='bbox 948 2245 1026 2292; x_wconf 84' lang='lat' dir='ltr'><strong>cum</strong></span> <span class='ocrx_word' id='word_1_132' title='bbox 1059 2245 1102 2290; x_wconf 85' lang='lat' dir='ltr'><strong>ex</strong></span> <span class='ocrx_word' id='word_1_133' title='bbox 1134 2227 1247 2290; x_wconf 91' lang='lat' dir='ltr'><strong>aliena</strong></span> <span class='ocrx_word' id='word_1_134' title='bbox 1277 2227 1395 2305; x_wconf 85' lang='lat' dir='ltr'><strong>lingua</strong></span> <span class='ocrx_word' id='word_1_135' title='bbox 1428 2226 1465 2288; x_wconf 92' lang='lat' dir='ltr'><strong>in</strong></span> 
     </span>
    </p>
   </div>
   <div class='ocr_carea' id='block_1_3' title="bbox 180 2335 1466 2415">
    <p class='ocr_par' dir='ltr' id='par_1_3' title="bbox 180 2335 1466 2415">
     <span class='ocr_line' id='line_1_18' title="bbox 180 2335 1466 2415; baseline -0.004 -13"><span class='ocrx_word' id='word_1_136' title='bbox 180 2397 182 2402; x_wconf 83' lang='lat'><em>.</em></span> <span class='ocrx_word' id='word_1_137' title='bbox 280 2345 436 2399; x_wconf 89' lang='lat' dir='ltr'><strong>nostrum</strong></span> <span class='ocrx_word' id='word_1_138' title='bbox 464 2353 566 2398; x_wconf 90' lang='lat' dir='ltr'><strong>usum</strong></span> <span class='ocrx_word' id='word_1_139' title='bbox 595 2336 708 2415; x_wconf 90' lang='lat' dir='ltr'><strong>aliqua</strong></span> <span class='ocrx_word' id='word_1_140' title='bbox 736 2337 900 2398; x_wconf 87' lang='lat' dir='ltr'><strong>orationis</strong></span> <span class='ocrx_word' id='word_1_141' title='bbox 922 2353 1004 2414; x_wconf 89' lang='lat' dir='ltr'><strong>pars</strong></span> <span class='ocrx_word' id='word_1_142' title='bbox 1026 2335 1223 2398; x_wconf 73' lang='lat' dir='ltr'><strong>inducitur«</strong></span> <span class='ocrx_word' id='word_1_143' title='bbox 1268 2335 1466 2398; x_wconf 89' lang='lat' dir='ltr'><strong>Discrimen</strong></span> 
     </span>
    </p>
   </div>
   <div class='ocr_carea' id='block_1_4' title="bbox 239 2437 1465 3925">
    <p class='ocr_par' dir='ltr' id='par_1_4' title="bbox 239 2437 1465 3925">
     <span class='ocr_line' id='line_1_19' title="bbox 280 2437 1465 2524; baseline -0.001 -20"><span class='ocrx_word' id='word_1_144' title='bbox 280 2453 463 2523; x_wconf 89' lang='lat' dir='ltr'><strong>poetarum</strong></span> <span class='ocrx_word' id='word_1_145' title='bbox 492 2453 526 2506; x_wconf 89' lang='lat' dir='ltr'><strong>et</strong></span> <span class='ocrx_word' id='word_1_146' title='bbox 551 2437 761 2524; x_wconf 74' lang='lat' dir='ltr'><strong>&#39;scriptorum</strong></span> <span class='ocrx_word' id='word_1_147' title='bbox 789 2445 954 2506; x_wconf 87' lang='lat' dir='ltr'><strong>orationis</strong></span> <span class='ocrx_word' id='word_1_148' title='bbox 976 2447 1119 2519; x_wconf 91' lang='lat' dir='ltr'><strong>solutae,</strong></span> <span class='ocrx_word' id='word_1_149' title='bbox 1143 2443 1235 2522; x_wconf 91' lang='lat' dir='ltr'><strong>quod</strong></span> <span class='ocrx_word' id='word_1_150' title='bbox 1256 2441 1465 2505; x_wconf 88' lang='lat' dir='ltr'><strong>Consentius</strong></span> 
     </span>
     <span class='ocr_line' id='line_1_20' title="bbox 279 2530 1464 2632; baseline 0 -20"><span class='ocrx_word' id='word_1_151' title='bbox 279 2551 371 2628; x_wconf 86' lang='lat' dir='ltr'><strong>facit,</strong></span> <span class='ocrx_word' id='word_1_152' title='bbox 399 2552 491 2630; x_wconf 89' lang='lat' dir='ltr'><strong>apud</strong></span> <span class='ocrx_word' id='word_1_153' title='bbox 513 2551 758 2629; x_wconf 88' lang='lat' dir='ltr'><strong>Quintilianum</strong></span> <span class='ocrx_word' id='word_1_154' title='bbox 787 2552 824 2632; x_wconf 62' lang='grc' dir='ltr'><strong>ἐξ</strong></span> <span class='ocrx_word' id='word_1_155' title='bbox 848 2554 966 2614; x_wconf 80' lang='lat'>12-13</span> <span class='ocrx_word' id='word_1_156' title='bbox 993 2552 1202 2615; x_wconf 88' lang='lat' dir='ltr'><strong>invenimus:</strong></span> <span class='ocrx_word' id='word_1_157' title='bbox 1235 2551 1300 2613; x_wconf 84' lang='lat' dir='ltr'><strong>»At</strong></span> <span class='ocrx_word' id='word_1_158' title='bbox 1320 2551 1354 2613; x_wconf 91' lang='lat' dir='ltr'><strong>in</strong></span> <span class='ocrx_word' id='word_1_159' title='bbox 1376 2530 1464 2612; x_wconf 77' lang='lat' dir='ltr'><strong>eius-</strong></span> 
     </span>
     <span class='ocr_line' id='line_1_21' title="bbox 273 2659 1465 2739; baseline 0.001 -19"><span class='ocrx_word' id='word_1_160' title='bbox 273 2659 357 2720; x_wconf 85' lang='lat' dir='ltr'><strong>dem</strong></span> <span class='ocrx_word' id='word_1_161' title='bbox 380 2659 450 2720; x_wconf 85' lang='lat' dir='ltr'><strong>vitii</strong></span> <span class='ocrx_word' id='word_1_162' title='bbox 472 2659 704 2739; x_wconf 86' lang='lat' dir='ltr'><strong>geminatione</strong></span> <span class='ocrx_word' id='word_1_163' title='bbox 726 2661 878 2728; x_wconf 84' lang='lat' dir='ltr'><strong>Mettoeo</strong></span> <span class='ocrx_word' id='word_1_164' title='bbox 898 2661 1078 2722; x_wconf 85' lang='lat' dir='ltr'><strong>Fufetioeo</strong></span> <span class='ocrx_word' id='word_1_165' title='bbox 1098 2660 1216 2722; x_wconf 90' lang='lat' dir='ltr'><strong>dicens</strong></span> <span class='ocrx_word' id='word_1_166' title='bbox 1230 2659 1361 2722; x_wconf 88' lang='lat' dir='ltr'><strong>Ennius</strong></span> <span class='ocrx_word' id='word_1_167' title='bbox 1382 2677 1465 2738; x_wconf 90' lang='lat' dir='ltr'><strong>poe-</strong></span> 
     </span>
     <span class='ocr_line' id='line_1_22' title="bbox 239 2767 1464 2848; baseline 0 -19"><span class='ocrx_word' id='word_1_168' title='bbox 239 2819 241 2837; x_wconf 90' lang='grc'><strong>,</strong></span> <span class='ocrx_word' id='word_1_169' title='bbox 279 2767 346 2829; x_wconf 89' lang='lat' dir='ltr'><strong>tico</strong></span> <span class='ocrx_word' id='word_1_170' title='bbox 368 2767 441 2830; x_wconf 91' lang='lat' dir='ltr'><strong>iure</strong></span> <span class='ocrx_word' id='word_1_171' title='bbox 464 2767 666 2830; x_wconf 82' lang='lat' dir='ltr'><strong>detenditur.</strong></span> <span class='ocrx_word' id='word_1_172' title='bbox 696 2769 765 2831; x_wconf 90' lang='lat' dir='ltr'><strong>Sed</strong></span> <span class='ocrx_word' id='word_1_173' title='bbox 785 2769 820 2830; x_wconf 92' lang='lat' dir='ltr'><strong>in</strong></span> <span class='ocrx_word' id='word_1_174' title='bbox 841 2785 947 2847; x_wconf 89' lang='lat' dir='ltr'><strong>prosa</strong></span> <span class='ocrx_word' id='word_1_175' title='bbox 969 2786 1105 2848; x_wconf 90' lang='lat' dir='ltr'><strong>quoque</strong></span> <span class='ocrx_word' id='word_1_176' title='bbox 1128 2778 1181 2829; x_wconf 94' lang='lat' dir='ltr'><strong>est</strong></span> <span class='ocrx_word' id='word_1_177' title='bbox 1202 2769 1374 2846; x_wconf 92' lang='lat' dir='ltr'><strong>quaedam</strong></span> <span class='ocrx_word' id='word_1_178' title='bbox 1392 2767 1464 2830; x_wconf 90' lang='lat' dir='ltr'><strong>iam</strong></span> 
     </span>
     <span class='ocr_line' id='line_1_23' title="bbox 279 2874 1465 2955; baseline -0.002 -17"><span class='ocrx_word' id='word_1_179' title='bbox 279 2886 421 2955; x_wconf 88' lang='lat' dir='ltr'><strong>recepta</strong></span> <span class='ocrx_word' id='word_1_180' title='bbox 449 2877 670 2939; x_wconf 88' lang='lat' dir='ltr'><strong>immutatio«.</strong></span> <span class='ocrx_word' id='word_1_181' title='bbox 713 2877 782 2940; x_wconf 87' lang='lat' dir='ltr'><strong>Sed</strong></span> <span class='ocrx_word' id='word_1_182' title='bbox 804 2893 883 2939; x_wconf 83' lang='lat' dir='ltr'><strong>curn</strong></span> <span class='ocrx_word' id='word_1_183' title='bbox 905 2877 1043 2939; x_wconf 91' lang='lat' dir='ltr'><strong>solitum</strong></span> <span class='ocrx_word' id='word_1_184' title='bbox 1063 2877 1147 2938; x_wconf 89' lang='lat' dir='ltr'><strong>illud</strong></span> <span class='ocrx_word' id='word_1_185' title='bbox 1169 2875 1353 2937; x_wconf 86' lang='lat' dir='ltr'><strong>discrimen</strong></span> <span class='ocrx_word' id='word_1_186' title='bbox 1373 2874 1465 2936; x_wconf 88' lang='lat' dir='ltr'><strong>inter</strong></span> 
     </span>
     <span class='ocr_line' id='line_1_24' title="bbox 279 2982 1464 3064; baseline 0 -19"><span class='ocrx_word' id='word_1_187' title='bbox 279 2995 402 3064; x_wconf 87' lang='lat' dir='ltr'><strong>poetas</strong></span> <span class='ocrx_word' id='word_1_188' title='bbox 428 2987 631 3063; x_wconf 91' lang='lat' dir='ltr'><strong>solutaeque</strong></span> <span class='ocrx_word' id='word_1_189' title='bbox 653 2982 817 3046; x_wconf 82' lang='lat' dir='ltr'><strong>orationis</strong></span> <span class='ocrx_word' id='word_1_190' title='bbox 839 2985 1026 3064; x_wconf 89' lang='lat' dir='ltr'><strong>scriptores</strong></span> <span class='ocrx_word' id='word_1_191' title='bbox 1049 2994 1083 3047; x_wconf 92' lang='lat' dir='ltr'><strong>et</strong></span> <span class='ocrx_word' id='word_1_192' title='bbox 1104 2985 1232 3046; x_wconf 83' lang='lat' dir='ltr'><strong>Fabius</strong></span> <span class='ocrx_word' id='word_1_193' title='bbox 1255 2995 1289 3046; x_wconf 91' lang='lat' dir='ltr'><strong>et</strong></span> <span class='ocrx_word' id='word_1_194' title='bbox 1311 2984 1464 3046; x_wconf 90' lang='lat' dir='ltr'><strong>Consen-</strong></span> 
     </span>
     <span class='ocr_line' id='line_1_25' title="bbox 279 3091 1463 3172; baseline 0.001 -20"><span class='ocrx_word' id='word_1_195' title='bbox 279 3092 345 3153; x_wconf 85' lang='lat' dir='ltr'><strong>tius</strong></span> <span class='ocrx_word' id='word_1_196' title='bbox 367 3091 505 3168; x_wconf 81' lang='lat' dir='ltr'><strong>faciant,</strong></span> <span class='ocrx_word' id='word_1_197' title='bbox 527 3102 672 3170; x_wconf 89' lang='lat' dir='ltr'><strong>uterque</strong></span> <span class='ocrx_word' id='word_1_198' title='bbox 695 3109 756 3153; x_wconf 91' lang='lat' dir='ltr'><strong>eos</strong></span> <span class='ocrx_word' id='word_1_199' title='bbox 777 3092 958 3171; x_wconf 82' lang='lat' dir='ltr'><strong>impugnat</strong></span> <span class='ocrx_word' id='word_1_200' title='bbox 980 3092 1063 3156; x_wconf 90' lang='lat' dir='ltr'><strong>artis</strong></span> <span class='ocrx_word' id='word_1_201' title='bbox 1086 3093 1283 3172; x_wconf 70' lang='lat' dir='ltr'><strong>scriptores</strong></span> <span class='ocrx_word' id='word_1_202' title='bbox 1303 3091 1359 3170; x_wconf 92' lang='lat' dir='ltr'><strong>qui</strong></span> <span class='ocrx_word' id='word_1_203' title='bbox 1374 3091 1463 3154; x_wconf 87' lang='lat' dir='ltr'><strong>Stoi—</strong></span> 
     </span>
     <span class='ocr_line' id='line_1_26' title="bbox 279 3199 1464 3280; baseline 0.001 -20"><span class='ocrx_word' id='word_1_204' title='bbox 279 3216 398 3262; x_wconf 88' lang='lat' dir='ltr'><strong>corum</strong></span> <span class='ocrx_word' id='word_1_205' title='bbox 419 3217 517 3261; x_wconf 91' lang='lat' dir='ltr'><strong>more</strong></span> <span class='ocrx_word' id='word_1_206' title='bbox 526 3200 551 3278; x_wconf 77' lang='lat'><strong>²)</strong></span> <span class='ocrx_word' id='word_1_207' title='bbox 575 3202 734 3278; x_wconf 85' lang='lat' dir='ltr'><strong>exempla</strong></span> <span class='ocrx_word' id='word_1_208' title='bbox 755 3199 917 3260; x_wconf 87' lang='lat' dir='ltr'><strong>vitiorum</strong></span> <span class='ocrx_word' id='word_1_209' title='bbox 939 3208 997 3262; x_wconf 91' lang='lat' dir='ltr'><strong>aut</strong></span> <span class='ocrx_word' id='word_1_210' title='bbox 1020 3219 1064 3262; x_wconf 84' lang='lat' dir='ltr'><strong>ex</strong></span> <span class='ocrx_word' id='word_1_211' title='bbox 1085 3201 1197 3280; x_wconf 89' lang='lat' dir='ltr'><strong>poetis</strong></span> <span class='ocrx_word' id='word_1_212' title='bbox 1220 3210 1279 3264; x_wconf 90' lang='lat' dir='ltr'><strong>aut</strong></span> <span class='ocrx_word' id='word_1_213' title='bbox 1299 3219 1342 3262; x_wconf 83' lang='lat' dir='ltr'><strong>ex</strong></span> <span class='ocrx_word' id='word_1_214' title='bbox 1357 3199 1464 3278; x_wconf 87' lang='lat' dir='ltr'><strong>scrip-</strong></span> 
     </span>
     <span class='ocr_line' id='line_1_27' title="bbox 279 3307 1463 3390; baseline 0.002 -22"><span class='ocrx_word' id='word_1_215' title='bbox 279 3307 409 3370; x_wconf 89' lang='lat' dir='ltr'><strong>toribus</strong></span> <span class='ocrx_word' id='word_1_216' title='bbox 432 3308 643 3385; x_wconf 90' lang='lat' dir='ltr'><strong>repetebant.</strong></span> <span class='ocrx_word' id='word_1_217' title='bbox 686 3307 812 3370; x_wconf 85' lang='lat' dir='ltr'><strong>Verbis</strong></span> <span class='ocrx_word' id='word_1_218' title='bbox 836 3308 925 3368; x_wconf 90' lang='lat' dir='ltr'><strong>enirn</strong></span> <span class='ocrx_word' id='word_1_219' title='bbox 947 3309 1045 3370; x_wconf 89' lang='lat' dir='ltr'><strong>Fabii</strong></span> <span class='ocrx_word' id='word_1_220' title='bbox 1067 3310 1097 3386; x_wconf 65' lang='grc' dir='ltr'><strong>(ξ</strong></span> <span class='ocrx_word' id='word_1_221' title='bbox 1121 3310 1184 3390; x_wconf 83' lang='grc'>11);</span> <span class='ocrx_word' id='word_1_222' title='bbox 1214 3308 1301 3371; x_wconf 74' lang='lat' dir='ltr'><strong>»Sed</strong></span> <span class='ocrx_word' id='word_1_223' title='bbox 1322 3308 1463 3388; x_wconf 89' lang='lat' dir='ltr'><strong>quidam</strong></span> 
     </span>
     <span class='ocr_line' id='line_1_28' title="bbox 278 3414 1464 3494; baseline 0.002 -18"><span class='ocrx_word' id='word_1_224' title='bbox 278 3414 352 3476; x_wconf 80' lang='lat' dir='ltr'><strong>iere</strong></span> <span class='ocrx_word' id='word_1_225' title='bbox 380 3416 414 3476; x_wconf 92' lang='lat' dir='ltr'><strong>in</strong></span> <span class='ocrx_word' id='word_1_226' title='bbox 435 3415 657 3478; x_wconf 86' lang='lat' dir='ltr'><strong>iactationem</strong></span> <span class='ocrx_word' id='word_1_227' title='bbox 686 3415 884 3476; x_wconf 89' lang='lat' dir='ltr'><strong>eruditionis</strong></span> <span class='ocrx_word' id='word_1_228' title='bbox 913 3433 1050 3478; x_wconf 90' lang='lat' dir='ltr'><strong>sumere</strong></span> <span class='ocrx_word' id='word_1_229' title='bbox 1071 3417 1129 3478; x_wconf 91' lang='lat' dir='ltr'><strong>illa</strong></span> <span class='ocrx_word' id='word_1_230' title='bbox 1151 3435 1195 3478; x_wconf 85' lang='lat' dir='ltr'><strong>ex</strong></span> <span class='ocrx_word' id='word_1_231' title='bbox 1215 3415 1327 3494; x_wconf 90' lang='lat' dir='ltr'><strong>poetis</strong></span> <span class='ocrx_word' id='word_1_232' title='bbox 1349 3417 1464 3478; x_wconf 91' lang='lat' dir='ltr'><strong>solent</strong></span> 
     </span>
     <span class='ocr_line' id='line_1_29' title="bbox 280 3523 1463 3610; baseline 0.002 -26"><span class='ocrx_word' id='word_1_233' title='bbox 280 3531 312 3584; x_wconf 92' lang='lat' dir='ltr'><strong>et</strong></span> <span class='ocrx_word' id='word_1_234' title='bbox 335 3531 504 3610; x_wconf 82' lang='lat' dir='ltr'><strong>auctores,</strong></span> <span class='ocrx_word' id='word_1_235' title='bbox 532 3541 618 3602; x_wconf 92' lang='lat' dir='ltr'><strong>quos</strong></span> <span class='ocrx_word' id='word_1_236' title='bbox 639 3526 853 3602; x_wconf 80' lang='lat' dir='ltr'><strong>praelegunt,</strong></span> <span class='ocrx_word' id='word_1_237' title='bbox 877 3523 1116 3586; x_wconf 88' lang='lat' dir='ltr'><strong>criminantur«</strong></span> <span class='ocrx_word' id='word_1_238' title='bbox 1140 3525 1352 3602; x_wconf 86' lang='lat' dir='ltr'><strong>respondent</strong></span> <span class='ocrx_word' id='word_1_239' title='bbox 1374 3523 1463 3586; x_wconf 89' lang='lat' dir='ltr'><strong>Con—</strong></span> 
     </span>
     <span class='ocr_line' id='line_1_30' title="bbox 276 3603 1462 3733; baseline 0.002 -42"><span class='ocrx_word' id='word_1_240' title='bbox 276 3603 516 3733; x_wconf 58' lang='lat' dir='ltr'><strong>⁴sentii&#39;verba</strong></span> <span class='ocrx_word' id='word_1_241' title='bbox 545 3634 588 3710; x_wconf 72' lang='lat' dir='ltr'><strong>(p.</strong></span> <span class='ocrx_word' id='word_1_242' title='bbox 611 3609 738 3708; x_wconf 47' lang='lat' dir='ltr'><strong>&amp;PL-zob</strong></span> <span class='ocrx_word' id='word_1_243' title='bbox 774 3631 827 3692; x_wconf 85' lang='lat' dir='ltr'><strong>»In</strong></span> <span class='ocrx_word' id='word_1_244' title='bbox 857 3649 924 3710; x_wconf 89' lang='lat' dir='ltr'><strong>quo</strong></span> <span class='ocrx_word' id='word_1_245' title='bbox 947 3631 1106 3710; x_wconf 86' lang='lat' dir='ltr'><strong>equidem</strong></span> <span class='ocrx_word' id='word_1_246' title='bbox 1126 3650 1196 3693; x_wconf 90' lang='lat' dir='ltr'><strong>non</strong></span> <span class='ocrx_word' id='word_1_247' title='bbox 1216 3631 1377 3694; x_wconf 88' lang='lat' dir='ltr'><strong>imitabor</strong></span> <span class='ocrx_word' id='word_1_248' title='bbox 1399 3649 1462 3694; x_wconf 94' lang='lat' dir='ltr'><strong>eos</strong></span> 
     </span>
     <span class='ocr_line' id='line_1_31' title="bbox 279 3732 1462 3817; baseline 0.001 -18"><span class='ocrx_word' id='word_1_249' title='bbox 279 3739 474 3816; x_wconf 87' lang='lat' dir='ltr'><strong>scriptores,</strong></span> <span class='ocrx_word' id='word_1_250' title='bbox 504 3739 559 3817; x_wconf 92' lang='lat' dir='ltr'><strong>qui</strong></span> <span class='ocrx_word' id='word_1_251' title='bbox 590 3741 751 3817; x_wconf 87' lang='lat' dir='ltr'><strong>exempla</strong></span> <span class='ocrx_word' id='word_1_252' title='bbox 772 3739 871 3801; x_wconf 90' lang='lat' dir='ltr'><strong>huius</strong></span> <span class='ocrx_word' id='word_1_253' title='bbox 886 3739 986 3800; x_wconf 85' lang='lat' dir='ltr'><strong>modi</strong></span> <span class='ocrx_word' id='word_1_254' title='bbox 1007 3739 1168 3802; x_wconf 84' lang='lat' dir='ltr'><strong>vitiorum</strong></span> <span class='ocrx_word' id='word_1_255' title='bbox 1191 3740 1233 3800; x_wconf 91' lang='lat' dir='ltr'><strong>de</strong></span> <span class='ocrx_word' id='word_1_256' title='bbox 1256 3732 1462 3801; x_wconf 88' lang='lat' dir='ltr'><strong>auctoritate</strong></span> 
     </span>
     <span class='ocr_line' id='line_1_32' title="bbox 279 3846 1461 3925; baseline 0.002 -19"><span class='ocrx_word' id='word_1_257' title='bbox 279 3846 465 3908; x_wconf 81' lang='lat' dir='ltr'><strong>lectionum</strong></span> <span class='ocrx_word' id='word_1_258' title='bbox 481 3847 564 3908; x_wconf 87' lang='lat' dir='ltr'><strong>dare</strong></span> <span class='ocrx_word' id='word_1_259' title='bbox 579 3849 776 3921; x_wconf 88' lang='lat' dir='ltr'><strong>voluerunt;</strong></span> <span class='ocrx_word' id='word_1_260' title='bbox 800 3865 866 3925; x_wconf 90' lang='lat' dir='ltr'><strong>quo</strong></span> <span class='ocrx_word' id='word_1_261' title='bbox 883 3863 925 3908; x_wconf 92' lang='lat' dir='ltr'><strong>ea</strong></span> <span class='ocrx_word' id='word_1_262' title='bbox 940 3847 1100 3908; x_wconf 88' lang='lat' dir='ltr'><strong>vitiorum</strong></span> <span class='ocrx_word' id='word_1_263' title='bbox 1115 3847 1210 3909; x_wconf 84' lang='lat' dir='ltr'><strong>facta</strong></span> <span class='ocrx_word' id='word_1_264' title='bbox 1225 3855 1278 3908; x_wconf 91' lang='lat' dir='ltr'><strong>est</strong></span> <span class='ocrx_word' id='word_1_265' title='bbox 1293 3846 1461 3924; x_wconf 84' lang='lat' dir='ltr'><strong>confusi0,</strong></span> 
     </span>
    </p>
   </div>
   <div class='ocr_carea' id='block_1_5' title="bbox 279 3954 1463 4034">
    <p class='ocr_par' dir='ltr' id='par_1_5' title="bbox 279 3954 1463 4034">
     <span class='ocr_line' id='line_1_33' title="bbox 279 3954 1463 4034; baseline 0.003 -19"><span class='ocrx_word' id='word_1_266' title='bbox 279 3963 315 4015; x_wconf 90' lang='lat' dir='ltr'><strong>ut</strong></span> <span class='ocrx_word' id='word_1_267' title='bbox 348 3971 459 4032; x_wconf 88' lang='lat' dir='ltr'><strong>paene</strong></span> <span class='ocrx_word' id='word_1_268' title='bbox 491 3954 559 4016; x_wconf 87' lang='lat' dir='ltr'><strong>iarn</strong></span> <span class='ocrx_word' id='word_1_269' title='bbox 585 3972 688 4016; x_wconf 91' lang='lat' dir='ltr'><strong>nemo</strong></span> <span class='ocrx_word' id='word_1_270' title='bbox 714 3954 900 4032; x_wconf 82' lang='lat' dir='ltr'><strong>intellegat,</strong></span> <span class='ocrx_word' id='word_1_271' title='bbox 931 3954 1012 4033; x_wconf 90' lang='lat' dir='ltr'><strong>quid</strong></span> <span class='ocrx_word' id='word_1_272' title='bbox 1036 3954 1272 4018; x_wconf 90' lang='lat' dir='ltr'><strong>barbarismus</strong></span> <span class='ocrx_word' id='word_1_273' title='bbox 1299 3954 1350 4030; x_wconf 87' lang='lat' dir='ltr'><strong>sit,</strong></span> <span class='ocrx_word' id='word_1_274' title='bbox 1379 3955 1463 4034; x_wconf 89' lang='lat' dir='ltr'><strong>quid</strong></span> 
     </span>
    </p>
   </div>
   <div class='ocr_carea' id='block_1_6' title="bbox 386 4195 1463 4365">
    <p class='ocr_par' dir='ltr' id='par_1_6' title="bbox 386 4195 1463 4365">
     <span class='ocr_line' id='line_1_34' title="bbox 388 4195 1289 4275; baseline -0.001 -15"><span class='ocrx_word' id='word_1_275' title='bbox 388 4215 404 4272; x_wconf 79' lang='lat'><strong>¹)</strong></span> <span class='ocrx_word' id='word_1_276' title='bbox 424 4212 464 4260; x_wconf 65' lang='lat' dir='ltr'><strong>(If.</strong></span> <span class='ocrx_word' id='word_1_277' title='bbox 481 4211 550 4258; x_wconf 80' lang='lat' dir='ltr'><strong>Rittii</strong></span> <span class='ocrx_word' id='word_1_278' title='bbox 570 4195 709 4274; x_wconf 80' lang='lat' dir='ltr'><strong>disputatio</strong></span> <span class='ocrx_word' id='word_1_279' title='bbox 728 4214 752 4258; x_wconf 89' lang='lat' dir='ltr'><strong>in</strong></span> <span class='ocrx_word' id='word_1_280' title='bbox 770 4213 859 4258; x_wconf 86' lang='lat' dir='ltr'><strong>Museo</strong></span> <span class='ocrx_word' id='word_1_281' title='bbox 878 4212 1002 4259; x_wconf 88' lang='lat' dir='ltr'><strong>Rhenano</strong></span> <span class='ocrx_word' id='word_1_282' title='bbox 1020 4213 1133 4260; x_wconf 80' lang='lat' dir='ltr'>XXXIV</span> <span class='ocrx_word' id='word_1_283' title='bbox 1150 4229 1174 4275; x_wconf 88' lang='lat' dir='ltr'><strong>p.</strong></span> <span class='ocrx_word' id='word_1_284' title='bbox 1189 4225 1217 4271; x_wconf 79' lang='lat'><strong>19</strong></span> <span class='ocrx_word' id='word_1_285' title='bbox 1234 4228 1289 4274; x_wconf 91' lang='lat' dir='ltr'><strong>sqq.</strong></span> 
     </span>
     <span class='ocr_line' id='line_1_35' title="bbox 386 4301 1463 4365; baseline -0.003 -14"><span class='ocrx_word' id='word_1_286' title='bbox 386 4303 406 4364; x_wconf 71' lang='lat'><strong>⁴²)</strong></span> <span class='ocrx_word' id='word_1_287' title='bbox 425 4303 550 4351; x_wconf 82' lang='lat' dir='ltr'><strong>Conserns</strong></span> <span class='ocrx_word' id='word_1_288' title='bbox 579 4303 678 4363; x_wconf 74' lang='lat' dir='ltr'><strong>Polybii</strong></span> <span class='ocrx_word' id='word_1_289' title='bbox 704 4303 737 4362; x_wconf 79' lang='lat' dir='ltr'><strong>(in</strong></span> <span class='ocrx_word' id='word_1_290' title='bbox 764 4303 906 4364; x_wconf 83' lang='lat' dir='ltr'><strong>appendice</strong></span> <span class='ocrx_word' id='word_1_291' title='bbox 931 4303 1018 4349; x_wconf 84' lang='lat' dir='ltr'><strong>Lexici</strong></span> <span class='ocrx_word' id='word_1_292' title='bbox 1045 4303 1253 4350; x_wconf 85' lang='lat' dir='ltr'><strong>Vindobonensis</strong></span> <span class='ocrx_word' id='word_1_293' title='bbox 1277 4317 1302 4365; x_wconf 92' lang='lat' dir='ltr'><strong>p.</strong></span> <span class='ocrx_word' id='word_1_294' title='bbox 1324 4301 1369 4361; x_wconf 84' lang='lat'><strong>283</strong></span> <span class='ocrx_word' id='word_1_295' title='bbox 1393 4307 1463 4365; x_wconf 91' lang='lat' dir='ltr'><strong>sqq.)</strong></span> 
     </span>
    </p>
   </div>
   <div class='ocr_carea' id='block_1_7' title="bbox 275 4393 1110 4456">
    <p class='ocr_par' dir='ltr' id='par_1_7' title="bbox 275 4393 1110 4456">
     <span class='ocr_line' id='line_1_36' title="bbox 275 4393 1110 4456; baseline 0 -16"><span class='ocrx_word' id='word_1_296' title='bbox 275 4403 473 4456; x_wconf 82' lang='lat' dir='ltr'><strong>ceterorumque</strong></span> <span class='ocrx_word' id='word_1_297' title='bbox 491 4393 522 4439; x_wconf 82' lang='lat' dir='ltr'><strong>de</strong></span> <span class='ocrx_word' id='word_1_298' title='bbox 540 4393 697 4439; x_wconf 82' lang='lat' dir='ltr'><strong>barbarismo</strong></span> <span class='ocrx_word' id='word_1_299' title='bbox 716 4403 740 4439; x_wconf 89' lang='lat' dir='ltr'><strong>et</strong></span> <span class='ocrx_word' id='word_1_300' title='bbox 758 4394 789 4438; x_wconf 86' lang='lat' dir='ltr'><strong>de</strong></span> <span class='ocrx_word' id='word_1_301' title='bbox 808 4393 962 4439; x_wconf 85' lang='lat' dir='ltr'><strong>soloecismo</strong></span> <span class='ocrx_word' id='word_1_302' title='bbox 981 4402 1110 4441; x_wconf 82' lang='lat' dir='ltr'><strong>tractatus.</strong></span> 
     </span>
    </p>
   </div>
   <div class='ocr_carea' id='block_1_8' title="bbox 0 0 1592 5060">
    <p class='ocr_par' dir='ltr' id='par_1_8' title="bbox 0 0 1592 5060">
     <span class='ocr_line' id='line_1_37' title="bbox 0 0 1592 5060; baseline 0 0"><span class='ocrx_word' id='word_1_303' title='bbox 0 0 1592 5060; x_wconf 95' lang='lat' dir='ltr'><strong> </strong></span> 
     </span>
    </p>
   </div>
  </div>
 </body>
</html>
