3168 5066
713 406 949 508 1--1o-.

258 597 444 658 Charetem
477 595 754 674 Chaeridemque
788 593 985 656 discernere
1016 603 1162 656 conatus
1195 604 1257 670 est,
1294 609 1441 672 quorum

257 703 466 766 Chaeridem
494 702 647 778 Homeri,
681 701 932 780 Aristophanis,
961 701 1100 764 Pindari
1122 719 1231 780 opera
1252 709 1440 780 pertracta-

256 811 350 872 visse
373 819 517 872 constat.
562 810 748 872 Charetem
771 810 863 888 apud
885 809 1109 872 scholiastam
1123 807 1299 888 Apollonii
1317 807 1442 870 Rhodii

173 920 175 928 ’
257 917 398 1002 (codicis
433 917 655 980 Laurentiani
690 917 772 994 329)
807 888 1011 980 invenimus.
1073 917 1131 979 Ad
1170 919 1262 979 hunc
1297 928 1440 978 revocat

256 1025 439 1088 Berndtius
461 1025 558 1088 Sexti
588 1027 703 1086 locum
730 1025 761 1102 (ξ
783 1025 848 1100 76);
882 1023 989 1100 Χάρης
1022 1026 1058 1086 δὲ
1086 1023 1119 1086 ἐν
1148 1029 1193 1106 τῷ
1222 1024 1340 1104 πρώτῳ
1370 1026 1440 1101 περὶ

256 1135 472 1209 γραμματικῆς
493 1133 550 1206 τήν
572 1130 695 1192 τελείαν
719 1133 802 1208 φησὶ
823 1133 1041 1208 γραμματικὴν
1064 1131 1125 1194 ἕξιν
1148 1127 1228 1193 εἶναι
1248 1131 1311 1192 ἀπὸ
1326 1131 1439 1206 τέχνης

257 1242 491 1315 διαγνωστικήν
512 1243 578 1301 τῶν
600 1238 669 1316 παρ’
690 1236 827 1314 Ἕλλησι
850 1240 970 1301 λεκτῶν
993 1240 1043 1302 καὶ
1062 1243 1198 1314 νοητῶν,
1219 1259 1244 1299 κ.
1260 1257 1285 1299 τ.
1302 1240 1338 1314 l,
1361 1257 1440 1301 con-

199 1349 202 1358 ’
255 1347 351 1424 fisus
373 1357 411 1410 ut
432 1347 577 1421 videtur,
594 1364 724 1422 eorum,
746 1347 802 1425 qui
817 1347 885 1409 huc
900 1365 1010 1426 usque
1024 1347 1171 1426 inspecti
1187 1357 1266 1409 sunt
1282 1347 1438 1410 codicum

256 1453 353 1517 Sexti
374 1453 588 1516 auctoritate.
622 1453 755 1515 Eadem
777 1462 895 1516 tamen
916 1453 1026 1516 verba
1046 1454 1081 1516 in
1096 1454 1236 1518 scholiis
1252 1454 1295 1516 ad
1311 1454 1440 1533 Diony-

256 1561 345 1623 sium
367 1561 538 1624 Thracem
561 1562 605 1640 (p.
630 1561 753 1640 11810)
775 1563 946 1640 leguntur,
967 1561 1024 1640 qui
1039 1561 1179 1638 Χαῖροις,
1194 1561 1229 1623 id
1251 1570 1304 1624 est
1319 1560 1439 1637 Χαῖρις,

256 1669 432 1748 praebent.
454 1669 573 1748 ltaque
596 1687 674 1730 cum
696 1670 853 1733 Usenero
876 1671 944 1746 (ll.
966 1688 998 1748 p.
1014 1670 1074 1731 585
1096 1669 1172 1731 adn.
1194 1669 1235 1747 3),
1259 1669 1439 1748 Hilgardio

256 1775 957 1853 (»BerlinerPhilolWochenschriit1903
972 1777 1029 1840 Nr.
1039 1777 1120 1848 41«).
1137 1776 1271 1839 Cohuio
1285 1776 1440 1855 (»Pauly-

256 1879 431 1944 Wissowa
458 1883 501 1944 IIl
527 1901 558 1961 p.
585 1883 697 1962 2031«)
730 1885 821 1963 apud
850 1885 995 1948 Sextum
1017 1883 1127 1959 Χαῖρις
1148 1883 1335 1961 legendum
1362 1901 1440 1945 esse

256 2007 383 2052 censeo
405 2007 517 2069 neque
540 2001 651 2053 artem
673 1992 938 2070 grammaticam
960 1989 1073 2053 tribuo
1096 1989 1271 2069 Apollonii
1293 1991 1440 2070 aequali.

256 2097 464 2160 Chaeridem
492 2098 644 2176 Didymo
670 2107 791 2160 notum
819 2098 927 2162 fuisse
956 2099 1084 2186 scimus
1112 2097 1166 2175 (ci.
1195 2097 1366 2176 Didymus
1396 2100 1441 2161 ad

255 2205 289 2266 Il.
312 2205 429 2281 11865,
455 2205 501 2266 VI
516 2206 568 2283 71;
593 2205 655 2268 Od.
680 2206 751 2268 VH.
771 2207 833 2284 80).
872 2205 963 2268 Nihil
984 2206 1087 2286 igitur
1110 2207 1234 2284 obstat,
1257 2206 1440 2286 quominus

256 2311 454 2390 Asclepiadi
481 2330 618 2392 quoque
640 2312 791 2390 Didymo
813 2316 992 2392 paululum
1014 2313 1197 2393 antiquiori
1217 2323 1338 2376 notum
1361 2332 1440 2378 eum
1480 2297 1485 2308 ’

254 2418 362 2481 fuisse
385 2436 572 2481 sumamus

361 2525 486 2588 Similis
508 2525 543 2587 in
565 2527 743 2589 Demetrio
767 2537 820 2590 est
840 2547 914 2607 res,
935 2529 1158 2608 impugnatur
1179 2529 1269 2591 enim
1284 2531 1328 2591 ab
1343 2529 1439 2591 Anti-

254 2651 346 2712 gono
375 2633 613 2695 Alexandrino
637 2634 778 2713 Didymi
804 2635 878 2698 iere
900 2637 1036 2717 aequali
1059 2637 1113 2714 (cf.
1137 2637 1437 2700 Wilamowitzius:

257 2741 443 2804 »Heracles
465 2741 478 2802 I
496 2742 579 2818 189,«
604 2740 832 2804 Susemihlius
849 2745 994 2806 »Gesch
1011 2745 1041 2806 d.
1058 2745 1186 2824 griech.
1202 2745 1390 2807 Litteratur
1405 2744 1440 2806 in

255 2849 316 2910 der
339 2848 660 2911 Alexandrinerzeit
681 2849 737 2911 lt«
760 2868 792 2929 p.
815 2851 855 2912 20
878 2861 910 2914 et
932 2851 1010 2914 ibid.
1034 2852 1111 2914 adn.
1137 2851 1289 2930 101.b)1).
1318 2851 1439 2914 Nullus

253 2957 357 3036 igitur
386 2975 407 3018 a
433 2951 540 3021 Sexto
569 2957 605 3018 in
634 2966 707 3018 toto
736 2957 793 3018 illo
820 2965 970 3020 tractatu
993 2967 1286 3020 commemoratur
1308 2967 1438 3034 auctor,

255 3083 357 3144 quem
392 3075 472 3145 post
498 3064 744 3144 Asclepiadem
772 3064 935 3128 floruisse
964 3066 1178 3146 argumentis
1205 3066 1337 3128 idoneis
1363 3085 1439 3145 pro-

254 3174 362 3235 betur.
407 3173 475 3236 Sed
497 3172 525 3234 si
547 3171 714 3234 Demetrii
733 3171 982 3252 Chaeridisque
1004 3174 1208 3236 memoriam
1229 3174 1273 3237 ad
1295 3173 1440 3237 Sextum

255 3299 317 3360 per
359 3281 605 3360 Asclepiadem
639 3289 872 3359 propagatam
908 3281 1089 3357 credimus,
1126 3300 1187 3345 cur
1222 3281 1439 3346 definitiones

256 3406 376 3450 eorum
404 3398 484 3468 post
506 3387 775 3467 Asclepiadeam
797 3388 1039 3468 proferuntur?
1073 3390 1190 3453 Causa
1204 3390 1287 3452 mihi
1301 3389 1439 3469 quidem

255 3497 344 3559 haec
366 3515 443 3559 esse
465 3497 616 3558 videtur:
640 3514 776 3558 summo
800 3497 1027 3560 similitudinis
1047 3498 1185 3560 vinculo
1205 3498 1293 3560 inter
1308 3515 1346 3560 se
1362 3515 1440 3559 con-

255 3605 406 3666 tinentur
427 3604 595 3682 Dionysii,
617 3603 817 3678 Ptolemaei,
840 3605 1059 3684 Asclepiadis
1082 3606 1309 3670 definitiones,
1353 3605 1440 3668 Con-

255 3711 387 3774 feratur
410 3713 427 3790 ξ
448 3713 501 3773 57;
531 3711 711 3786 Διονύσιος
734 3713 790 3787 μὲν
813 3710 872 3772 οὖν
895 3712 913 3772 ὁ
937 3711 1024 3791 Θρᾷξ
1051 3713 1084 3774 ἐν
1106 3717 1176 3788 τοῖς
1197 3713 1440 3790 παραγηὲλμασί

257 3833 341 3896 φησι
372 3818 585 3896 »γραμματική
614 3817 701 3880 ἐστιν
729 3817 870 3894 ἐμπειρία
893 3819 938 3893 ὡς
961 3819 1009 3880 ἐπὶ
1030 3821 1067 3881 τὸ
1089 3823 1244 3882 πλεῖστον
1266 3823 1331 3882 τῶν
1353 3821 1440 3897 παρὰ

255 3927 403 3999 ποιηταῖς
428 3943 462 3984 τε
488 3925 537 3985 καὶ
564 3928 791 4003 συηραφεῖισι
818 3926 1031 4005 λεγομένων«,
1060 3928 1251 3990 Ptolemaei
1277 3927 1439 4006 definiti0,

257 4032 314 4112 qui
339 4032 604 4111 grammaticam
625 4033 739 4110 τέχνην
767 4033 812 4108 ὡς
835 4032 882 4094 ἐπὶ
903 4034 940 4095 τὸ
962 4037 1117 4097 πλεῖστον
1139 4053 1218 4097 esse
1240 4036 1441 4098 declarabat

369 4282 388 4342 ¹)
407 4281 550 4330 Usenerum
575 4282 628 4344 (1.1.
646 4267 775 4344 5861101
797 4295 867 4332 recte
889 4285 1048 4333 Demetrium
1067 4286 1174 4348 Augusti
1197 4287 1274 4333 aetati
1294 4285 1441 4332 adscribere

258 4387 408 4436 persuasum
425 4373 517 4424 habeo.
