3168 5066
757 413 952 475 „12-

367 596 501 671 ποιητάς
530 599 581 658 καὶ
608 603 810 676 συγγραφεῖς
835 599 1057 676 ἐπισκοποῦσι,
1086 604 1155 666 καθ’
1185 605 1203 666 ὃ
1232 606 1271 666 τὰ
1300 605 1445 683 ἀσαφῶς

370 704 526 781 λεγόμενα
545 705 729 782 ἐξηγοῦνται
751 702 790 768 τά
811 727 845 770 τε
866 708 935 784 ὑγιῆ
959 709 1009 770 καὶ
1030 710 1069 771 τὰ
1092 711 1131 787 μὴ
1151 715 1284 774 τοιαῦτα
1299 713 1444 789 κρίνουσι

368 810 407 872 τά
428 831 462 872 τε
483 813 601 887 γνήσια
624 813 686 875 ἀπὸ
708 817 774 876 τῶν
795 815 905 878 νόθων
928 816 1134 893 διορίζουσιν.

369 921 553 1000 Postquam
581 929 691 984 totam
721 932 753 984 et
774 923 871 986 Sexti
900 934 933 986 et
955 925 1174 1004 Asclepiadis
1203 936 1314 990 artem
1335 930 1444 992 tribus

261 1027 417 1106 partibus
432 1031 477 1108 τῷ
493 1033 634 1109 τεχνικῷ,
650 1027 919 1112 τῴἱστορικῴ,τῷ
936 1031 1092 1114 ἰδιαιτέριμ
1109 1035 1275 1098 contineri
1286 1037 1444 1115 vidimus
1461 1035 1464 1046 '

261 1153 352 1200 nunc
379 1135 528 1214 primum
558 1137 602 1198 ad
631 1139 820 1200 secundam
842 1139 1013 1218 Myrleani
1041 1151 1186 1220 partem,
1215 1144 1252 1204 τό
1282 1143 1444 1220 ἱστορικόν

261 1253 492 1323 revertamur;
516 1263 621 1323 quam
642 1263 807 1324 magnam
829 1264 907 1309 cum
923 1248 1020 1311 Sexti
1042 1251 1195 1312 secunda
1216 1259 1316 1329 parte
1332 1251 1445 1314 simili-

261 1353 415 1416 tudinem
429 1352 559 1414 habere
574 1353 643 1415 iam
658 1345 767 1432 supra'
778 1353 982 1418 invenimus.
1006 1355 1164 1420 Conferri
1179 1377 1315 1438 quoque
1330 1369 1445 1438 potest

262 1461 355 1540 quod
376 1459 503 1523 Sextus
528 1460 563 1522 in
588 1460 796 1524 refutatione
819 1463 851 1542 (δ
873 1463 946 1541 257)
969 1462 1116 1543 profert:
1146 1465 1196 1526 καὶ
1219 1466 1279 1542 μὴν
1303 1465 1367 1527 ἐπεὶ
1388 1470 1445 1542 τῆς

262 1567 407 1645 ἱστορίας
428 1569 446 1644 ἡ
479 1569 534 1645 μέν
556 1568 602 1643 τίς
625 1569 692 1631 ἐστι
713 1565 833 1647 τοπική,
856 1569 874 1646 ή
899 1572 933 1630 δὲ
955 1567 1094 1648 χρονική,
1117 1569 1135 1645 ἡ
1159 1572 1195 1631 δέ
1216 1574 1286 1649 περὶ
1307 1574 1346 1633 τὰ
1368 1573 1444 1650 πρό-

264 1691 369 1749 σωπα,
397 1675 416 1752 ἡ
448 1677 482 1737 δέ
510 1677 580 1752 περὶ
608 1677 666 1752 τὰς
692 1676 829 1753 πράξεις,
859 1679 959 1752 δῆλον
988 1677 1033 1752 ῶς
1056 1678 1081 1738 εἰ
1104 1680 1143 1755 μή
1165 1680 1290 1757 τεχνική
1315 1679 1443 1757 ἐστινὴ

262 1787 327 1845 τῶν
356 1783 465 1845 τόπων
493 1784 582 1859 καὶὴ
606 1787 671 1845 τῶν
694 1783 821 1861 χρόνων
845 1784 1013 1859 ἀπόδοσις,
1043 1784 1148 1860 ούθ’ῆ
1170 1789 1235 1856 τῶν
1256 1789 1445 1864 προσώπων

264 1890 360 1967 οὔθ’ἱγ
390 1894 455 1952 τῶν
481 1891 629 1968 πράξεων
657 1892 781 1968 τεχνικὴ
809 1891 978 1966 γενήσεται
1006 1902 1040 1954 et
1062 1892 1079 1972 ἓ
1101 1894 1174 1955 263ῑ
1206 1891 1298 1970 Πρός
1318 1896 1446 1972 τούτοις

265 1999 329 2061 ἐπεὶ
351 2003 416 2061 τῶν
438 1997 681 2075 ἱστορουμένων
703 1999 740 2059 τὸ
764 1999 819 2074 μέν
843 1997 929 2060 ἐστιν
952 1997 1086 2074 ἱστορία,
1108 1999 1145 2060 τό
1169 2001 1204 2062 δέ
1227 2003 1336 2078 μῦθος,
1358 2003 1394 2064 τὸ
1411 2004 1447 2064 δὲ

262 2105 405 2183 πλάσμα,
439 2105 484 2168 ῶν
514 2107 532 2182 ἡ
557 2107 612 2183 μὲν
645 2104 772 2182 ἱστορία
804 2105 935 2181 ἀληθῶν
964 2109 1060 2169 τινῶν
1090 2108 1157 2169 ἐστι
1187 2111 1237 2170 καὶ
1264 2111 1446 2184 γεγονότων

248 2215 398 2292 ’ἐκθεσις
421 2216 467 2291 ῶς
494 2208 540 2276 ότι
557 2215 775 2290 Ἀλέξανδρος
804 2213 838 2275 ἐν
862 2215 1030 2292 Βαβυλῶνι
1059 2216 1088 2278 δί
1116 2216 1295 2294 ἐπιβούλων
1319 2238 1446 2295 φαρμα-

263 2324 386 2398 κευθεὶς
408 2323 563 2397 ἐτελεύτα,
585 2323 719 2401 πλάσμα
734 2325 771 2384 δέ
784 2323 979 2400 πραγμάτων
996 2326 1035 2401 μή
1052 2325 1237 2401 γενομένων
1254 2327 1309 2402 μέν
1326 2325 1447 2402 ὁμοίως

265 2432 300 2491 δέ
327 2434 397 2506 τοῖς
425 2431 611 2506 γενομένοις
641 2431 832 2508 λεγομένων,
862 2431 908 2505 ῶς
935 2430 966 2492 αἱ
988 2433 1120 2508 κωμικαὶ
1148 2432 1320 2508 ύποθέσεις
1347 2434 1398 2494 καὶ
1420 2433 1450 2494 οἱ

265 2541 361 2616 μῖμοι,
385 2541 487 2615 μῦθος
509 2539 545 2599 δὲ
565 2538 760 2615 πραγμάτων
780 2537 943 2613 ἀγενήτων
964 2540 1014 2600 καὶ
1030 2541 1163 2615 ψευδῶν
1179 2536 1317 2614 ἔκθεσις,
1340 2540 1386 2614 ῶς
1402 2539 1449 2602 ὅτι

262 2647 299 2707 τὸ
323 2648 379 2721 μὲν
401 2649 466 2708 τῶν
490 2647 679 2724 φαλαγγίων
702 2649 753 2708 καὶ
775 2647 889 2723 ὄφεων
911 2647 1006 2722 γένος
1028 2646 1170 2722 Τιτήνων
1194 2647 1365 2708 ἐνέπουσιν
1389 2648 1448 2725 ἀφ’

265 2753 400 2830 αἳματος
422 2755 677 2832 ἐζωογονῆσθαι,
701 2775 773 2818 κ.·τ.
797 2757 823 2816 λ.
865 2757 984 2835 Itaque
1005 2756 1089 2818 nihil
1118 2756 1242 2831 obstat,
1266 2755 1448 2834 quominus

263 2870 373 2924 totam
393 2863 464 2938 περὶ
484 2865 542 2922 τοῦ
565 2861 729 2939 ἱστορικοῦ
751 2863 848 2928 Sexti
868 2862 1148 2924 dissertationem
1163 2862 1363 2951 Asclepiadi
1379 2864 1449 2926 vin-

265 2969 429 3033 dicemus,
465 2971 600 3033 Deinde
621 2971 792 3049 Myrleani
814 2971 1007 3034 doctrinam
1030 2969 1047 3049 ἓ
1068 2969 1128 3030 250
1150 2969 1368 3047 offendimus,
1392 2973 1449 3035 ubi

265 3077 455 3156 Dionysius
477 3079 596 3141 Thrax
618 3096 639 3140 a
664 3077 770 3141 Sexto
791 3077 844 3139 his
865 3077 983 3139 verbis
1004 3085 1242 3156 oppugnatur:
1269 3077 1449 3154 Διονύσιος

266 3186 302 3246 δέ
324 3187 341 3247 ό
359 3186 446 3266 Θρῆιξ
468 3187 500 3250 ἓξ
523 3187 600 3264 μέρη
622 3189 840 3263 γραμματικῆς
855 3181 934 3247 εἶναι
952 3185 1063 3262 λέγων,
1081 3183 1159 3260 άπερ
1176 3184 1268 3261 ἡμεῖς
1284 3184 1449 3262 ἀνώτερον

266 3293 456 3372 ὁλοσχερῶς
481 3293 552 3370 τρία
582 3293 905 3371 προσηγορεύσαμεν,
933 3291 967 3354 ἐν
995 3293 1122 3366 τούτοις
1150 3293 1201 3354 καὶ
1226 3293 1263 3352 τό
1285 3291 1449 3369 ἱστορικόν

266 3400 485 3463 ἀποδίδωσιν·
499 3396 579 3464 εἶναι
600 3400 660 3477 γάρ
679 3415 762 3477 φησι
783 3403 1001 3478 γραμματικῆς
1025 3400 1101 3477 μέρη
1120 3399 1305 3474 ἀνάγνωσιν
1322 3400 1446 3478 ἐντριβῆ

265 3509 345 3570 κατὰ
366 3508 567 3590 προσῳδίαν,
597 3508 746 3584 ἐξήγησιν
773 3509 853 3568 κατὰ
881 3509 958 3582 τοὺς
991 3506 1232 3583 ἐνυπάρχοντος
1264 3507 1449 3582 ποιητικοὺς

264 3617 415 3693 τρόπους,
439 3617 555 3678 λέξεων
571 3617 622 3676 καὶ
637 3615 789 3692 ἱστοριῶν
807 3615 976 3688 ἀπόδοσιν,
992 3613 1202 3690 ἐτυμολογίας
1219 3610 1356 3688 εύρεσιν,
1373 3613 1448 3674 ἀνα-

267 3723 376 3799 λογίας
405 3723 607 3800 έκλογισμόν,
633 3723 736 3800 κρίσιν
764 3723 960 3800 ποιημάτων,
992 3721 1121 3796 ἀτόπως
1152 3721 1377 3797 διαιρούμενος
1399 3722 1450 3781 καὶ

264 3830 346 3908 τάχα
369 3833 425 3908 μέν
448 3831 693 3909 ἀποτελέσματά
713 3852 784 3894 τινα
806 3833 856 3893 καὶ
879 3831 974 3908 μόρια
995 3833 1213 3908 γραμματικῆς
1235 3829 1312 3905 μέρη
1330 3829 1449 3904 ταύτης

264 3941 375 4014 ποιῶν,
399 3939 570 4017 ὁμολόγως
593 3941 628 4000 δέ
649 3941 706 4015 τήν
730 3941 786 4017 μὲν
809 3939 933 4017 ἐντριβῆ
958 3938 1143 4012 ἀνάγνωσιν
1159 3938 1210 3998 καὶ
1225 3936 1283 4011 τῆν
1299 3935 1449 4011 ἐξήγησιν

266 4050 316 4110 καὶ
337 4050 394 4124 τήν
417 4047 520 4124 κρίσιν
542 4049 607 4110 τῶν
622 4048 809 4125 ποιημάτων
826 4048 859 4109 ἐκ
874 4051 931 4123 τῆς
945 4048 1016 4124 περὶ
1030 4046 1164 4121 ποιητὰς
1179 4046 1230 4106 καὶ
1247 4047 1449 4121 συγγραφεῖς

266 4156 404 4233 θεωρίας
427 4155 609 4233 λαμβάνων,
631 4158 689 4232 τῆν
713 4159 748 4217 δέ
771 4156 981 4232 ἐτυμολογίαν
1004 4157 1054 4216 καὶ
1077 4153 1252 4228 ἀναλογίαν
1273 4153 1306 4214 ἐκ
1324 4154 1382 4213 τοῦ
1403 4171 1449 4213 τε-

266 4266 384 4341 χνικοῦ,
405 4266 476 4338 τοῖς
498 4264 533 4323 δέ
554 4263 590 4324 τὸ
613 4261 776 4339 ἱστορικὸν
805 4261 1002 4336 ἀντεκτιθείς,
1025 4261 1058 4324 ἐν
1081 4259 1235 4336 ἱστοριῶν
1258 4261 1308 4322 καί
1331 4259 1448 4321 λέξεων

267 4371 424 4434 ἀποδόσει
440 4371 594 4449 κείμενον
608 4371 698 4433 Nam
707 4370 914 4450 Dionysium
930 4371 973 4432 ab
982 4368 1193 4448 Asclepiade
1209 4376 1448 4448 oppugnatum
