<?xml version="1.0" encoding="UTF-8"?>
<!DOCTYPE html PUBLIC "-//W3C//DTD XHTML 1.0 Transitional//EN"
    "http://www.w3.org/TR/xhtml1/DTD/xhtml1-transitional.dtd">
<html xmlns="http://www.w3.org/1999/xhtml" xml:lang="en" lang="en">
 <head>
  <title>
</title>
<meta http-equiv="Content-Type" content="text/html;charset=utf-8" />
  <meta name='ocr-system' content='tesseract 3.04.00' />
  <meta name='ocr-capabilities' content='ocr_page ocr_carea ocr_par ocr_line ocrx_word'/>
</head>
<body>
  <div class='ocr_page' id='page_1' title='image "./dequintilianise00heingoog_0078.png"; bbox 0 0 3168 5066; ppageno 0'>
   <div class='ocr_carea' id='block_1_1' title="bbox 654 455 853 516">
    <p class='ocr_par' dir='ltr' id='par_1_1' title="bbox 654 455 853 516">
     <span class='ocr_line' id='line_1_1' title="bbox 654 455 853 516; baseline 0 -18"><span class='ocrx_word' id='word_1_1' title='bbox 654 455 853 516; x_wconf 56' lang='lat' dir='ltr'>m69u</span> 
     </span>
    </p>
   </div>
   <div class='ocr_carea' id='block_1_2' title="bbox 158 643 1351 1584">
    <p class='ocr_par' dir='ltr' id='par_1_2' title="bbox 158 643 1349 1258">
     <span class='ocr_line' id='line_1_2' title="bbox 158 643 1345 726; baseline -0.001 -16"><span class='ocrx_word' id='word_1_2' title='bbox 158 644 387 710; x_wconf 88' lang='lat' dir='ltr'>Wilrnansius</span> <span class='ocrx_word' id='word_1_3' title='bbox 416 643 504 721; x_wconf 78' lang='lat' dir='ltr'>(»De</span> <span class='ocrx_word' id='word_1_4' title='bbox 525 643 695 706; x_wconf 80' lang='lat' dir='ltr'>Varronis</span> <span class='ocrx_word' id='word_1_5' title='bbox 723 643 817 706; x_wconf 92' lang='lat' dir='ltr'>libris</span> <span class='ocrx_word' id='word_1_6' title='bbox 846 643 1083 723; x_wconf 79' lang='lat' dir='ltr'>grammaticis</span> <span class='ocrx_word' id='word_1_7' title='bbox 1104 664 1136 726; x_wconf 93' lang='lat' dir='ltr'>p.</span> <span class='ocrx_word' id='word_1_8' title='bbox 1162 647 1235 708; x_wconf 70' lang='lat'>141«</span> <span class='ocrx_word' id='word_1_9' title='bbox 1259 656 1345 726; x_wconf 86' lang='lat' dir='ltr'>sqq.)</span> 
     </span>
     <span class='ocr_line' id='line_1_3' title="bbox 159 749 1346 830; baseline 0 -15"><span class='ocrx_word' id='word_1_10' title='bbox 159 752 276 828; x_wconf 80' lang='lat' dir='ltr'>affert,</span> <span class='ocrx_word' id='word_1_11' title='bbox 306 769 385 814; x_wconf 91' lang='lat' dir='ltr'>cum</span> <span class='ocrx_word' id='word_1_12' title='bbox 406 749 505 813; x_wconf 85' lang='lat' dir='ltr'>Fabii</span> <span class='ocrx_word' id='word_1_13' title='bbox 527 750 543 830; x_wconf 68' lang='grc' dir='ltr'><strong>ἓ</strong></span> <span class='ocrx_word' id='word_1_14' title='bbox 565 752 604 812; x_wconf 81' lang='grc'>33</span> <span class='ocrx_word' id='word_1_15' title='bbox 626 769 716 830; x_wconf 90' lang='lat' dir='ltr'>sqq:</span> <span class='ocrx_word' id='word_1_16' title='bbox 748 751 834 813; x_wconf 81' lang='lat' dir='ltr'>»iam</span> <span class='ocrx_word' id='word_1_17' title='bbox 866 752 909 814; x_wconf 92' lang='lat' dir='ltr'>sit</span> <span class='ocrx_word' id='word_1_18' title='bbox 931 762 965 814; x_wconf 91' lang='lat' dir='ltr'>et</span> <span class='ocrx_word' id='word_1_19' title='bbox 989 752 1133 815; x_wconf 83' lang='lat' dir='ltr'>‘classis’</span> <span class='ocrx_word' id='word_1_20' title='bbox 1158 773 1179 818; x_wconf 91' lang='lat' dir='ltr'>a</span> <span class='ocrx_word' id='word_1_21' title='bbox 1200 755 1346 816; x_wconf 91' lang='lat' dir='ltr'>calando</span> 
     </span>
     <span class='ocr_line' id='line_1_4' title="bbox 161 858 1347 939; baseline 0 -17"><span class='ocrx_word' id='word_1_22' title='bbox 161 869 197 922; x_wconf 90' lang='lat' dir='ltr'>et</span> <span class='ocrx_word' id='word_1_23' title='bbox 229 862 339 939; x_wconf 89' lang='lat' dir='ltr'>‘lepus</span> <span class='ocrx_word' id='word_1_24' title='bbox 360 858 505 938; x_wconf 85' lang='lat' dir='ltr'>levipes’</span> <span class='ocrx_word' id='word_1_25' title='bbox 537 867 571 921; x_wconf 91' lang='lat' dir='ltr'>et</span> <span class='ocrx_word' id='word_1_26' title='bbox 601 861 734 938; x_wconf 82' lang='lat' dir='ltr'>‘uulpes</span> <span class='ocrx_word' id='word_1_27' title='bbox 762 858 923 938; x_wconf 88' lang='lat' dir='ltr'>uolipes’:</span> <span class='ocrx_word' id='word_1_28' title='bbox 953 860 1101 923; x_wconf 85' lang='lat' dir='ltr'><strong>etiamne</strong></span> <span class='ocrx_word' id='word_1_29' title='bbox 1124 879 1145 924; x_wconf 92' lang='lat' dir='ltr'>a</span> <span class='ocrx_word' id='word_1_30' title='bbox 1167 860 1347 923; x_wconf 83' lang='lat' dir='ltr'>contrariis</span> 
     </span>
     <span class='ocr_line' id='line_1_5' title="bbox 161 966 1347 1048; baseline -0.001 -18"><span class='ocrx_word' id='word_1_31' title='bbox 161 967 280 1048; x_wconf 92' lang='lat' dir='ltr'>aliqua</span> <span class='ocrx_word' id='word_1_32' title='bbox 307 966 460 1046; x_wconf 87' lang='lat' dir='ltr'>sinemus</span> <span class='ocrx_word' id='word_1_33' title='bbox 487 966 579 1028; x_wconf 89' lang='lat' dir='ltr'>trahi</span> <span class='ocrx_word' id='word_1_34' title='bbox 606 975 643 1028; x_wconf 92' lang='lat' dir='ltr'>ut</span> <span class='ocrx_word' id='word_1_35' title='bbox 673 968 792 1028; x_wconf 83' lang='lat' dir='ltr'>‘lucus’</span> <span class='ocrx_word' id='word_1_36' title='bbox 821 966 901 1047; x_wconf 93' lang='lat' dir='ltr'>quia</span> <span class='ocrx_word' id='word_1_37' title='bbox 927 968 1050 1030; x_wconf 92' lang='lat' dir='ltr'>umbra</span> <span class='ocrx_word' id='word_1_38' title='bbox 1071 986 1202 1048; x_wconf 92' lang='lat' dir='ltr'>opacus</span> <span class='ocrx_word' id='word_1_39' title='bbox 1224 985 1347 1048; x_wconf 91' lang='lat' dir='ltr'>parum</span> 
     </span>
     <span class='ocr_line' id='line_1_6' title="bbox 161 1071 1349 1155; baseline 0 -19"><span class='ocrx_word' id='word_1_40' title='bbox 161 1076 288 1150; x_wconf 90' lang='lat' dir='ltr'>luceat,</span> <span class='ocrx_word' id='word_1_41' title='bbox 315 1083 349 1138; x_wconf 90' lang='lat' dir='ltr'>et</span> <span class='ocrx_word' id='word_1_42' title='bbox 373 1071 507 1150; x_wconf 89' lang='lat' dir='ltr'>‘ludus’,</span> <span class='ocrx_word' id='word_1_43' title='bbox 535 1073 615 1153; x_wconf 89' lang='lat' dir='ltr'>quia</span> <span class='ocrx_word' id='word_1_44' title='bbox 636 1074 679 1136; x_wconf 92' lang='lat' dir='ltr'>sit</span> <span class='ocrx_word' id='word_1_45' title='bbox 701 1074 901 1153; x_wconf 82' lang='lat' dir='ltr'>longissime</span> <span class='ocrx_word' id='word_1_46' title='bbox 923 1093 944 1136; x_wconf 90' lang='lat' dir='ltr'>a</span> <span class='ocrx_word' id='word_1_47' title='bbox 965 1076 1043 1137; x_wconf 90' lang='lat' dir='ltr'>lusu</span> <span class='ocrx_word' id='word_1_48' title='bbox 1065 1084 1099 1138; x_wconf 91' lang='lat' dir='ltr'>et</span> <span class='ocrx_word' id='word_1_49' title='bbox 1122 1073 1246 1152; x_wconf 85' lang='lat' dir='ltr'>‘Ditis’,</span> <span class='ocrx_word' id='word_1_50' title='bbox 1268 1075 1349 1155; x_wconf 89' lang='lat' dir='ltr'>quia</span> 
     </span>
     <span class='ocr_line' id='line_1_7' title="bbox 162 1181 495 1258; baseline 0 -14"><span class='ocrx_word' id='word_1_51' title='bbox 162 1181 304 1256; x_wconf 86' lang='lat' dir='ltr'>minime</span> <span class='ocrx_word' id='word_1_52' title='bbox 327 1181 495 1258; x_wconf 79' lang='lat' dir='ltr'>dives?&lt;‹¹l</span> 
     </span>
    </p>

    <p class='ocr_par' dir='ltr' id='par_1_3' title="bbox 167 1288 1351 1584">
     <span class='ocr_line' id='line_1_8' title="bbox 273 1288 1349 1370; baseline 0 -18"><span class='ocrx_word' id='word_1_53' title='bbox 273 1290 378 1352; x_wconf 90' lang='lat' dir='ltr'>Plura</span> <span class='ocrx_word' id='word_1_54' title='bbox 410 1306 454 1350; x_wconf 90' lang='lat' dir='ltr'>ex</span> <span class='ocrx_word' id='word_1_55' title='bbox 485 1288 555 1352; x_wconf 85' lang='lat' dir='ltr'>fine</span> <span class='ocrx_word' id='word_1_56' title='bbox 586 1289 691 1352; x_wconf 90' lang='lat' dir='ltr'>totius</span> <span class='ocrx_word' id='word_1_57' title='bbox 722 1289 962 1369; x_wconf 84' lang='lat' dir='ltr'>disputationis</span> <span class='ocrx_word' id='word_1_58' title='bbox 990 1290 1197 1369; x_wconf 86' lang='lat' dir='ltr'>colliguntur</span> <span class='ocrx_word' id='word_1_59' title='bbox 1226 1290 1258 1370; x_wconf 62' lang='grc' dir='ltr'>(ξ</span> <span class='ocrx_word' id='word_1_60' title='bbox 1284 1290 1349 1368; x_wconf 81' lang='lat'>38):</span> 
     </span>
     <span class='ocr_line' id='line_1_9' title="bbox 168 1397 1349 1476; baseline 0.001 -17"><span class='ocrx_word' id='word_1_61' title='bbox 168 1397 337 1474; x_wconf 82' lang='lat' dir='ltr'>»Quidam</span> <span class='ocrx_word' id='word_1_62' title='bbox 372 1415 442 1458; x_wconf 93' lang='lat' dir='ltr'>non</span> <span class='ocrx_word' id='word_1_63' title='bbox 478 1397 723 1460; x_wconf 88' lang='lat' dir='ltr'>dubitaverunt</span> <span class='ocrx_word' id='word_1_64' title='bbox 753 1397 987 1476; x_wconf 85' lang='lat' dir='ltr'>etymologiae</span> <span class='ocrx_word' id='word_1_65' title='bbox 1018 1398 1176 1460; x_wconf 89' lang='lat' dir='ltr'>subicere</span> <span class='ocrx_word' id='word_1_66' title='bbox 1211 1416 1349 1461; x_wconf 90' lang='lat' dir='ltr'>omnem</span> 
     </span>
     <span class='ocr_line' id='line_1_10' title="bbox 167 1505 1351 1584; baseline -0.001 -17"><span class='ocrx_word' id='word_1_67' title='bbox 167 1505 316 1570; x_wconf 87' lang='lat' dir='ltr'>nominis</span> <span class='ocrx_word' id='word_1_68' title='bbox 339 1523 493 1582; x_wconf 88' lang='lat' dir='ltr'>causam,</span> <span class='ocrx_word' id='word_1_69' title='bbox 515 1513 552 1567; x_wconf 91' lang='lat' dir='ltr'>ut</span> <span class='ocrx_word' id='word_1_70' title='bbox 575 1524 618 1567; x_wconf 92' lang='lat' dir='ltr'>ex</span> <span class='ocrx_word' id='word_1_71' title='bbox 640 1505 768 1575; x_wconf 86' lang='lat' dir='ltr'>habitu,</span> <span class='ocrx_word' id='word_1_72' title='bbox 791 1505 1083 1584; x_wconf 86' lang='lat' dir='ltr'>quemadmodum</span> <span class='ocrx_word' id='word_1_73' title='bbox 1105 1505 1175 1568; x_wconf 93' lang='lat' dir='ltr'>dixi</span> <span class='ocrx_word' id='word_1_74' title='bbox 1198 1507 1351 1584; x_wconf 89' lang='lat' dir='ltr'>‘Longos</span> 
     </span>
    </p>
   </div>
   <div class='ocr_carea' id='block_1_3' title="bbox 64 1611 1351 1692">
    <p class='ocr_par' dir='ltr' id='par_1_4' title="bbox 64 1611 1351 1692">
     <span class='ocr_line' id='line_1_11' title="bbox 64 1611 1351 1692; baseline 0 -18"><span class='ocrx_word' id='word_1_75' title='bbox 64 1671 66 1674; x_wconf 84' lang='grc'><em>,</em></span> <span class='ocrx_word' id='word_1_76' title='bbox 169 1623 204 1674; x_wconf 92' lang='lat' dir='ltr'>et</span> <span class='ocrx_word' id='word_1_77' title='bbox 241 1611 362 1674; x_wconf 82' lang='lat' dir='ltr'>Ruios&#39;</span> <span class='ocrx_word' id='word_1_78' title='bbox 394 1630 424 1676; x_wconf 86' lang='lat' dir='ltr'>e.</span> <span class='ocrx_word' id='word_1_79' title='bbox 439 1631 469 1692; x_wconf 91' lang='lat' dir='ltr'>q.</span> <span class='ocrx_word' id='word_1_80' title='bbox 486 1630 530 1674; x_wconf 79' lang='lat' dir='ltr'>s«</span> <span class='ocrx_word' id='word_1_81' title='bbox 577 1613 655 1692; x_wconf 90' lang='lat' dir='ltr'>Ipse</span> <span class='ocrx_word' id='word_1_82' title='bbox 685 1613 775 1675; x_wconf 91' lang='lat' dir='ltr'>enim</span> <span class='ocrx_word' id='word_1_83' title='bbox 805 1613 1033 1690; x_wconf 86' lang='lat' dir='ltr'>Quintilianus</span> <span class='ocrx_word' id='word_1_84' title='bbox 1069 1613 1123 1676; x_wconf 92' lang='lat' dir='ltr'>his</span> <span class='ocrx_word' id='word_1_85' title='bbox 1154 1613 1272 1676; x_wconf 89' lang='lat' dir='ltr'>verbis</span> <span class='ocrx_word' id='word_1_86' title='bbox 1302 1614 1351 1675; x_wconf 93' lang='lat' dir='ltr'>sic</span> 
     </span>
    </p>
   </div>
   <div class='ocr_carea' id='block_1_4' title="bbox 168 1719 1354 2140">
    <p class='ocr_par' dir='ltr' id='par_1_5' title="bbox 168 1719 1354 2140">
     <span class='ocr_line' id='line_1_12' title="bbox 168 1719 1352 1800; baseline 0 -18"><span class='ocrx_word' id='word_1_87' title='bbox 168 1730 206 1782; x_wconf 94' lang='lat' dir='ltr'>ut</span> <span class='ocrx_word' id='word_1_88' title='bbox 242 1728 344 1783; x_wconf 91' lang='lat' dir='ltr'>antea</span> <span class='ocrx_word' id='word_1_89' title='bbox 376 1719 446 1781; x_wconf 91' lang='lat' dir='ltr'>dixi</span> <span class='ocrx_word' id='word_1_90' title='bbox 479 1738 543 1782; x_wconf 92' lang='lat' dir='ltr'>nos</span> <span class='ocrx_word' id='word_1_91' title='bbox 579 1721 623 1782; x_wconf 91' lang='lat' dir='ltr'>ad</span> <span class='ocrx_word' id='word_1_92' title='bbox 652 1721 765 1800; x_wconf 90' lang='lat' dir='ltr'>quarti</span> <span class='ocrx_word' id='word_1_93' title='bbox 796 1720 917 1799; x_wconf 90' lang='lat' dir='ltr'>capitis</span> <span class='ocrx_word' id='word_1_94' title='bbox 946 1722 964 1800; x_wconf 63' lang='grc' dir='ltr'><em>ξ</em></span> <span class='ocrx_word' id='word_1_95' title='bbox 992 1721 1032 1782; x_wconf 83' lang='grc'>25</span> <span class='ocrx_word' id='word_1_96' title='bbox 1069 1721 1211 1783; x_wconf 88' lang='lat' dir='ltr'>remittit</span> <span class='ocrx_word' id='word_1_97' title='bbox 1249 1729 1352 1800; x_wconf 89' lang='lat' dir='ltr'>atque</span> 
     </span>
     <span class='ocr_line' id='line_1_13' title="bbox 171 1828 1351 1908; baseline -0.001 -17"><span class='ocrx_word' id='word_1_98' title='bbox 171 1847 214 1891; x_wconf 90' lang='lat' dir='ltr'>ex</span> <span class='ocrx_word' id='word_1_99' title='bbox 246 1829 378 1906; x_wconf 88' lang='lat' dir='ltr'>eodem,</span> <span class='ocrx_word' id='word_1_100' title='bbox 409 1846 476 1908; x_wconf 93' lang='lat' dir='ltr'>quo</span> <span class='ocrx_word' id='word_1_101' title='bbox 498 1828 552 1906; x_wconf 92' lang='lat' dir='ltr'>ibi,</span> <span class='ocrx_word' id='word_1_102' title='bbox 582 1828 677 1891; x_wconf 82' lang='lat' dir='ltr'>fonte</span> <span class='ocrx_word' id='word_1_103' title='bbox 700 1829 837 1892; x_wconf 90' lang='lat' dir='ltr'>haurire</span> <span class='ocrx_word' id='word_1_104' title='bbox 860 1847 898 1892; x_wconf 88' lang='lat' dir='ltr'>se</span> <span class='ocrx_word' id='word_1_105' title='bbox 920 1829 1112 1908; x_wconf 84' lang='lat' dir='ltr'>profitetur.</span> <span class='ocrx_word' id='word_1_106' title='bbox 1154 1829 1208 1890; x_wconf 92' lang='lat' dir='ltr'>Ex</span> <span class='ocrx_word' id='word_1_107' title='bbox 1230 1829 1351 1890; x_wconf 89' lang='lat' dir='ltr'>eodem</span> 
     </span>
     <span class='ocr_line' id='line_1_14' title="bbox 170 1935 1353 2015; baseline 0.001 -18"><span class='ocrx_word' id='word_1_108' title='bbox 170 1935 274 2014; x_wconf 86' lang='lat' dir='ltr'>igitur</span> <span class='ocrx_word' id='word_1_109' title='bbox 300 1935 404 1998; x_wconf 87' lang='lat' dir='ltr'>etiam</span> <span class='ocrx_word' id='word_1_110' title='bbox 426 1935 516 1998; x_wconf 91' lang='lat' dir='ltr'>sexti</span> <span class='ocrx_word' id='word_1_111' title='bbox 538 1936 659 2015; x_wconf 89' lang='lat' dir='ltr'>capitis</span> <span class='ocrx_word' id='word_1_112' title='bbox 689 1937 706 2014; x_wconf 63' lang='grc' dir='ltr'><em>ξ</em></span> <span class='ocrx_word' id='word_1_113' title='bbox 728 1937 764 1998; x_wconf 80' lang='grc'>31</span> <span class='ocrx_word' id='word_1_114' title='bbox 789 1936 917 1998; x_wconf 88' lang='lat' dir='ltr'>hausit:</span> <span class='ocrx_word' id='word_1_115' title='bbox 952 1935 1044 1998; x_wconf 88' lang='lat' dir='ltr'>»sive</span> <span class='ocrx_word' id='word_1_116' title='bbox 1068 1955 1111 1998; x_wconf 90' lang='lat' dir='ltr'>ex</span> <span class='ocrx_word' id='word_1_117' title='bbox 1132 1936 1353 1998; x_wconf 87' lang='lat' dir='ltr'>historiarum</span> 
     </span>
     <span class='ocr_line' id='line_1_15' title="bbox 171 2043 1354 2140; baseline 0.002 -36"><span class='ocrx_word' id='word_1_118' title='bbox 171 2053 330 2106; x_wconf 88' lang='lat' dir='ltr'>veterum</span> <span class='ocrx_word' id='word_1_119' title='bbox 351 2043 472 2106; x_wconf 88' lang='lat' dir='ltr'>notitia</span> <span class='ocrx_word' id='word_1_120' title='bbox 493 2043 634 2106; x_wconf 91' lang='lat' dir='ltr'>nomina</span> <span class='ocrx_word' id='word_1_121' title='bbox 656 2043 843 2120; x_wconf 89' lang='lat' dir='ltr'>hominurn,</span> <span class='ocrx_word' id='word_1_122' title='bbox 858 2046 1024 2122; x_wconf 91' lang='lat' dir='ltr'>locorum,</span> <span class='ocrx_word' id='word_1_123' title='bbox 1040 2044 1203 2124; x_wconf 87' lang='lat' dir='ltr'>gentium,</span> <span class='ocrx_word' id='word_1_124' title='bbox 1218 2044 1354 2140; x_wconf 86' lang='lat' dir='ltr'>urbium</span> 
     </span>
    </p>
   </div>
   <div class='ocr_carea' id='block_1_5' title="bbox 171 2151 1454 2230">
    <p class='ocr_par' dir='ltr' id='par_1_6' title="bbox 171 2151 1454 2230">
     <span class='ocr_line' id='line_1_16' title="bbox 171 2151 1454 2230; baseline 0.001 -18"><span class='ocrx_word' id='word_1_125' title='bbox 171 2152 397 2230; x_wconf 75' lang='lat' dir='ltr'>requiramus</span> <span class='ocrx_word' id='word_1_126' title='bbox 426 2153 517 2214; x_wconf 91' lang='lat' dir='ltr'>unde</span> <span class='ocrx_word' id='word_1_127' title='bbox 538 2151 643 2228; x_wconf 88' lang='lat' dir='ltr'>Bruti,</span> <span class='ocrx_word' id='word_1_128' title='bbox 672 2151 879 2228; x_wconf 88' lang='lat' dir='ltr'>Publicolae,</span> <span class='ocrx_word' id='word_1_129' title='bbox 906 2152 1082 2230; x_wconf 73' lang='lat' dir='ltr'>Pythicii«</span> <span class='ocrx_word' id='word_1_130' title='bbox 1128 2152 1354 2230; x_wconf 87' lang='lat' dir='ltr'>Quintilianus</span> <span class='ocrx_word' id='word_1_131' title='bbox 1451 2165 1454 2170; x_wconf 83' lang='lat'>&#39;</span> 
     </span>
    </p>
   </div>
   <div class='ocr_carea' id='block_1_6' title="bbox 173 2259 1362 4066">
    <p class='ocr_par' dir='ltr' id='par_1_7' title="bbox 173 2259 1360 2878">
     <span class='ocr_line' id='line_1_17' title="bbox 173 2259 1355 2341; baseline 0.002 -21"><span class='ocrx_word' id='word_1_132' title='bbox 173 2259 276 2338; x_wconf 84' lang='lat' dir='ltr'>igitur</span> <span class='ocrx_word' id='word_1_133' title='bbox 302 2262 391 2322; x_wconf 91' lang='lat' dir='ltr'>haec</span> <span class='ocrx_word' id='word_1_134' title='bbox 419 2277 463 2322; x_wconf 88' lang='lat' dir='ltr'>ex</span> <span class='ocrx_word' id='word_1_135' title='bbox 491 2259 578 2322; x_wconf 92' lang='lat' dir='ltr'>libro</span> <span class='ocrx_word' id='word_1_136' title='bbox 608 2261 759 2322; x_wconf 88' lang='lat' dir='ltr'>auctoris</span> <span class='ocrx_word' id='word_1_137' title='bbox 781 2260 935 2340; x_wconf 91' lang='lat' dir='ltr'>primarii</span> <span class='ocrx_word' id='word_1_138' title='bbox 958 2261 1131 2341; x_wconf 84' lang='lat' dir='ltr'>excerpsit</span> <span class='ocrx_word' id='word_1_139' title='bbox 1152 2272 1186 2324; x_wconf 87' lang='lat' dir='ltr'>et</span> <span class='ocrx_word' id='word_1_140' title='bbox 1208 2261 1355 2323; x_wconf 90' lang='lat' dir='ltr'>eundem</span> 
     </span>
     <span class='ocr_line' id='line_1_18' title="bbox 175 2367 1360 2456; baseline -0.002 -26"><span class='ocrx_word' id='word_1_141' title='bbox 175 2375 353 2456; x_wconf 87' lang='lat' dir='ltr'>auctorem</span> <span class='ocrx_word' id='word_1_142' title='bbox 374 2367 600 2446; x_wconf 88' lang='lat' dir='ltr'>impugnavit.</span> <span class='ocrx_word' id='word_1_143' title='bbox 631 2367 720 2444; x_wconf 92' lang='lat' dir='ltr'>Quin</span> <span class='ocrx_word' id='word_1_144' title='bbox 741 2368 797 2430; x_wconf 86' lang='lat' dir='ltr'>hic</span> <span class='ocrx_word' id='word_1_145' title='bbox 812 2367 909 2430; x_wconf 91' lang='lat' dir='ltr'>Fabii</span> <span class='ocrx_word' id='word_1_146' title='bbox 931 2377 1052 2430; x_wconf 87' lang='lat' dir='ltr'>auctor</span> <span class='ocrx_word' id='word_1_147' title='bbox 1073 2370 1182 2430; x_wconf 90' lang='lat' dir='ltr'>multa</span> <span class='ocrx_word' id='word_1_148' title='bbox 1204 2377 1237 2430; x_wconf 92' lang='lat' dir='ltr'>et</span> <span class='ocrx_word' id='word_1_149' title='bbox 1258 2369 1360 2436; x_wconf 85' lang='lat' dir='ltr'>varia</span> 
     </span>
     <span class='ocr_line' id='line_1_19' title="bbox 175 2474 1356 2554; baseline 0.001 -18"><span class='ocrx_word' id='word_1_150' title='bbox 175 2474 466 2554; x_wconf 82' lang='lat' dir='ltr'>etymologiarum</span> <span class='ocrx_word' id='word_1_151' title='bbox 494 2477 655 2554; x_wconf 90' lang='lat' dir='ltr'>exempla</span> <span class='ocrx_word' id='word_1_152' title='bbox 684 2494 727 2537; x_wconf 94' lang='lat' dir='ltr'>ex</span> <span class='ocrx_word' id='word_1_153' title='bbox 756 2475 951 2538; x_wconf 89' lang='lat' dir='ltr'>Stoicorum</span> <span class='ocrx_word' id='word_1_154' title='bbox 976 2475 1071 2538; x_wconf 92' lang='lat' dir='ltr'>libris</span> <span class='ocrx_word' id='word_1_155' title='bbox 1094 2476 1356 2554; x_wconf 87' lang='lat' dir='ltr'>deprompserit,</span> 
     </span>
     <span class='ocr_line' id='line_1_20' title="bbox 174 2582 1357 2661; baseline 0 -17"><span class='ocrx_word' id='word_1_156' title='bbox 174 2582 231 2661; x_wconf 92' lang='lat' dir='ltr'>qui</span> <span class='ocrx_word' id='word_1_157' title='bbox 252 2583 407 2661; x_wconf 89' lang='lat' dir='ltr'>linguam</span> <span class='ocrx_word' id='word_1_158' title='bbox 421 2583 582 2645; x_wconf 90' lang='lat' dir='ltr'>Latinam</span> <span class='ocrx_word' id='word_1_159' title='bbox 605 2583 705 2660; x_wconf 81' lang='grc' dir='ltr'>φύσει</span> <span class='ocrx_word' id='word_1_160' title='bbox 728 2601 806 2645; x_wconf 90' lang='lat' dir='ltr'>esse</span> <span class='ocrx_word' id='word_1_161' title='bbox 829 2583 1052 2646; x_wconf 90' lang='lat' dir='ltr'>declarabant</span> <span class='ocrx_word' id='word_1_162' title='bbox 1074 2593 1108 2646; x_wconf 87' lang='lat' dir='ltr'>et</span> <span class='ocrx_word' id='word_1_163' title='bbox 1126 2583 1357 2661; x_wconf 89' lang='lat' dir='ltr'>etymologias</span> 
     </span>
     <span class='ocr_line' id='line_1_21' title="bbox 174 2689 1356 2770; baseline 0 -18"><span class='ocrx_word' id='word_1_164' title='bbox 174 2690 373 2752; x_wconf 90' lang='lat' dir='ltr'>necessario</span> <span class='ocrx_word' id='word_1_165' title='bbox 408 2707 487 2752; x_wconf 90' lang='lat' dir='ltr'>cum</span> <span class='ocrx_word' id='word_1_166' title='bbox 522 2689 773 2770; x_wconf 86' lang='lat' dir='ltr'>significatione</span> <span class='ocrx_word' id='word_1_167' title='bbox 805 2691 992 2754; x_wconf 85' lang='lat' dir='ltr'>verborum</span> <span class='ocrx_word' id='word_1_168' title='bbox 1033 2691 1233 2753; x_wconf 89' lang='lat' dir='ltr'>coniunctas</span> <span class='ocrx_word' id='word_1_169' title='bbox 1268 2707 1356 2766; x_wconf 90' lang='lat' dir='ltr'>esse,</span> 
     </span>
     <span class='ocr_line' id='line_1_22' title="bbox 176 2798 683 2878; baseline 0.002 -18"><span class='ocrx_word' id='word_1_170' title='bbox 176 2798 315 2861; x_wconf 91' lang='lat' dir='ltr'>dubium</span> <span class='ocrx_word' id='word_1_171' title='bbox 337 2816 415 2860; x_wconf 90' lang='lat' dir='ltr'>esse</span> <span class='ocrx_word' id='word_1_172' title='bbox 437 2816 507 2860; x_wconf 92' lang='lat' dir='ltr'>non</span> <span class='ocrx_word' id='word_1_173' title='bbox 527 2800 683 2878; x_wconf 71' lang='lat' dir='ltr'>potest.⁹)</span> 
     </span>
    </p>

    <p class='ocr_par' dir='ltr' id='par_1_8' title="bbox 175 2886 1362 4066">
     <span class='ocr_line' id='line_1_23' title="bbox 282 2886 1357 2985; baseline -0.002 -17"><span class='ocrx_word' id='word_1_174' title='bbox 282 2906 354 2968; x_wconf 91' lang='lat' dir='ltr'>Iam</span> <span class='ocrx_word' id='word_1_175' title='bbox 377 2907 421 2968; x_wconf 91' lang='lat' dir='ltr'>ad</span> <span class='ocrx_word' id='word_1_176' title='bbox 436 2905 580 2969; x_wconf 86' lang='lat' dir='ltr'>Sextum</span> <span class='ocrx_word' id='word_1_177' title='bbox 595 2915 824 2984; x_wconf 66' lang='lat' dir='ltr'>transeamus</span> <span class='ocrx_word' id='word_1_178' title='bbox 844 2888 940 2970; x_wconf 87' lang='lat' dir='ltr'>cuius</span> <span class='ocrx_word' id='word_1_179' title='bbox 956 2917 1077 2970; x_wconf 90' lang='lat' dir='ltr'>auctor</span> <span class='ocrx_word' id='word_1_180' title='bbox 1090 2907 1126 2968; x_wconf 92' lang='lat' dir='ltr'>in</span> <span class='ocrx_word' id='word_1_181' title='bbox 1139 2886 1357 2985; x_wconf 87' lang='lat' dir='ltr'>impositione</span> 
     </span>
     <span class='ocr_line' id='line_1_24' title="bbox 175 3013 1357 3093; baseline 0.001 -19"><span class='ocrx_word' id='word_1_182' title='bbox 175 3014 363 3076; x_wconf 85' lang='lat' dir='ltr'>verborum</span> <span class='ocrx_word' id='word_1_183' title='bbox 376 3013 624 3093; x_wconf 87' lang='lat' dir='ltr'>etymologiam</span> <span class='ocrx_word' id='word_1_184' title='bbox 637 3032 715 3076; x_wconf 89' lang='lat' dir='ltr'>esse</span> <span class='ocrx_word' id='word_1_185' title='bbox 730 3015 890 3091; x_wconf 83' lang='grc' dir='ltr'>κριτήριον</span> <span class='ocrx_word' id='word_1_186' title='bbox 906 3017 964 3076; x_wconf 77' lang='grc' dir='ltr'>τοῦ</span> <span class='ocrx_word' id='word_1_187' title='bbox 982 3015 1176 3089; x_wconf 79' lang='grc' dir='ltr'>ἑλληνισμοῦ</span> <span class='ocrx_word' id='word_1_188' title='bbox 1189 3015 1357 3076; x_wconf 85' lang='lat' dir='ltr'>voluerat.</span> 
     </span>
     <span class='ocr_line' id='line_1_25' title="bbox 176 3121 1358 3204; baseline 0 -22"><span class='ocrx_word' id='word_1_189' title='bbox 176 3121 306 3184; x_wconf 85' lang='lat' dir='ltr'>Contra</span> <span class='ocrx_word' id='word_1_190' title='bbox 335 3121 414 3184; x_wconf 89' lang='lat' dir='ltr'>dicit</span> <span class='ocrx_word' id='word_1_191' title='bbox 443 3121 570 3185; x_wconf 87' lang='lat' dir='ltr'>Sextus</span> <span class='ocrx_word' id='word_1_192' title='bbox 593 3123 623 3201; x_wconf 63' lang='grc' dir='ltr'>(ξ</span> <span class='ocrx_word' id='word_1_193' title='bbox 645 3123 730 3200; x_wconf 82' lang='grc'>242);</span> <span class='ocrx_word' id='word_1_194' title='bbox 762 3122 799 3182; x_wconf 86' lang='grc' dir='ltr'>τὸ</span> <span class='ocrx_word' id='word_1_195' title='bbox 825 3121 1016 3204; x_wconf 76' lang='grc' dir='ltr'>ἑτνμολογίᾳ</span> <span class='ocrx_word' id='word_1_196' title='bbox 1042 3121 1231 3198; x_wconf 83' lang='grc' dir='ltr'>κρινόμενον</span> <span class='ocrx_word' id='word_1_197' title='bbox 1253 3121 1358 3198; x_wconf 86' lang='grc' dir='ltr'>ὄνομα</span> 
     </span>
     <span class='ocr_line' id='line_1_26' title="bbox 176 3227 1357 3307; baseline -0.001 -18"><span class='ocrx_word' id='word_1_198' title='bbox 176 3228 222 3290; x_wconf 83' lang='grc' dir='ltr'>ὅτι</span> <span class='ocrx_word' id='word_1_199' title='bbox 251 3227 418 3304; x_wconf 78' lang='grc' dir='ltr'>ἑλληνικόν</span> <span class='ocrx_word' id='word_1_200' title='bbox 450 3230 546 3304; x_wconf 82' lang='grc' dir='ltr'>ἐστιν,</span> <span class='ocrx_word' id='word_1_201' title='bbox 575 3231 645 3306; x_wconf 87' lang='grc' dir='ltr'>ἤτοι</span> <span class='ocrx_word' id='word_1_202' title='bbox 674 3229 771 3306; x_wconf 82' lang='grc' dir='ltr'>ἔτυμα</span> <span class='ocrx_word' id='word_1_203' title='bbox 799 3229 928 3304; x_wconf 86' lang='grc' dir='ltr'>πάντως</span> <span class='ocrx_word' id='word_1_204' title='bbox 951 3229 1032 3307; x_wconf 76' lang='grc' dir='ltr'>ἔχειν</span> <span class='ocrx_word' id='word_1_205' title='bbox 1055 3229 1178 3305; x_wconf 83' lang='grc' dir='ltr'>ὀφείλει</span> <span class='ocrx_word' id='word_1_206' title='bbox 1199 3229 1237 3289; x_wconf 88' lang='grc' dir='ltr'>τὰ</span> <span class='ocrx_word' id='word_1_207' title='bbox 1258 3235 1357 3304; x_wconf 87' lang='grc' dir='ltr'>προη-</span> 
     </span>
     <span class='ocr_line' id='line_1_27' title="bbox 175 3335 1357 3414; baseline -0.003 -17"><span class='ocrx_word' id='word_1_208' title='bbox 175 3338 319 3412; x_wconf 82' lang='grc' dir='ltr'>γούμενα</span> <span class='ocrx_word' id='word_1_209' title='bbox 341 3336 441 3398; x_wconf 85' lang='grc' dir='ltr'>αὐτοῦ</span> <span class='ocrx_word' id='word_1_210' title='bbox 465 3336 609 3413; x_wconf 84' lang='grc' dir='ltr'>ὀνόματα</span> <span class='ocrx_word' id='word_1_211' title='bbox 629 3337 648 3412; x_wconf 78' lang='grc' dir='ltr'>,ἢ</span> <span class='ocrx_word' id='word_1_212' title='bbox 673 3336 717 3412; x_wconf 73' lang='grc' dir='ltr'>εἷς</span> <span class='ocrx_word' id='word_1_213' title='bbox 735 3357 805 3398; x_wconf 84' lang='grc' dir='ltr'>τινα</span> <span class='ocrx_word' id='word_1_214' title='bbox 824 3341 889 3398; x_wconf 86' lang='grc' dir='ltr'>τών</span> <span class='ocrx_word' id='word_1_215' title='bbox 906 3340 1057 3414; x_wconf 82' lang='grc' dir='ltr'>φυσικῶς</span> <span class='ocrx_word' id='word_1_216' title='bbox 1073 3335 1357 3412; x_wconf 79' lang='grc' dir='ltr'>ἀναφωνηθὲντων</span> 
     </span>
     <span class='ocr_line' id='line_1_28' title="bbox 177 3441 1357 3525; baseline -0.001 -20"><span class='ocrx_word' id='word_1_217' title='bbox 177 3443 372 3523; x_wconf 76' lang='grc' dir='ltr'>καταλήγειν.</span> <span class='ocrx_word' id='word_1_218' title='bbox 401 3447 559 3525; x_wconf 84' lang='lat' dir='ltr'>Apparet</span> <span class='ocrx_word' id='word_1_219' title='bbox 581 3455 615 3508; x_wconf 94' lang='lat' dir='ltr'>et</span> <span class='ocrx_word' id='word_1_220' title='bbox 630 3446 825 3509; x_wconf 91' lang='lat' dir='ltr'>Stoicorum</span> <span class='ocrx_word' id='word_1_221' title='bbox 840 3445 1046 3508; x_wconf 84' lang='lat' dir='ltr'>sententiam</span> <span class='ocrx_word' id='word_1_222' title='bbox 1061 3451 1180 3506; x_wconf 89' lang='lat' dir='ltr'>notam</span> <span class='ocrx_word' id='word_1_223' title='bbox 1196 3443 1226 3504; x_wconf 91' lang='lat' dir='ltr'>ei</span> <span class='ocrx_word' id='word_1_224' title='bbox 1240 3441 1357 3518; x_wconf 86' lang='lat' dir='ltr'>fuisse,</span> 
     </span>
     <span class='ocr_line' id='line_1_29' title="bbox 177 3548 1359 3632; baseline -0.006 -16"><span class='ocrx_word' id='word_1_225' title='bbox 177 3553 233 3632; x_wconf 92' lang='lat' dir='ltr'>qui</span> <span class='ocrx_word' id='word_1_226' title='bbox 256 3555 357 3630; x_wconf 87' lang='grc' dir='ltr'>φύσει</span> <span class='ocrx_word' id='word_1_227' title='bbox 378 3555 550 3616; x_wconf 87' lang='lat' dir='ltr'>vocabula</span> <span class='ocrx_word' id='word_1_228' title='bbox 572 3555 675 3616; x_wconf 89' lang='lat' dir='ltr'>rebus</span> <span class='ocrx_word' id='word_1_229' title='bbox 697 3552 859 3632; x_wconf 89' lang='lat' dir='ltr'>imposita</span> <span class='ocrx_word' id='word_1_230' title='bbox 880 3570 958 3614; x_wconf 91' lang='lat' dir='ltr'>esse</span> <span class='ocrx_word' id='word_1_231' title='bbox 981 3551 1176 3626; x_wconf 89' lang='lat' dir='ltr'>credebant,</span> <span class='ocrx_word' id='word_1_232' title='bbox 1200 3557 1234 3610; x_wconf 91' lang='lat' dir='ltr'>et</span> <span class='ocrx_word' id='word_1_233' title='bbox 1248 3548 1359 3610; x_wconf 90' lang='lat' dir='ltr'>Philo-</span> 
     </span>
     <span class='ocr_line' id='line_1_30' title="bbox 176 3655 1358 3742; baseline -0.005 -19"><span class='ocrx_word' id='word_1_234' title='bbox 176 3661 255 3724; x_wconf 89' lang='lat' dir='ltr'>xeni</span> <span class='ocrx_word' id='word_1_235' title='bbox 285 3662 485 3738; x_wconf 87' lang='lat' dir='ltr'>doctrinam,</span> <span class='ocrx_word' id='word_1_236' title='bbox 516 3662 573 3742; x_wconf 92' lang='lat' dir='ltr'>qui</span> <span class='ocrx_word' id='word_1_237' title='bbox 601 3661 716 3724; x_wconf 90' lang='lat' dir='ltr'>omnia</span> <span class='ocrx_word' id='word_1_238' title='bbox 742 3662 851 3723; x_wconf 87' lang='lat' dir='ltr'>verba</span> <span class='ocrx_word' id='word_1_239' title='bbox 874 3660 972 3740; x_wconf 89' lang='lat' dir='ltr'>quasi</span> <span class='ocrx_word' id='word_1_240' title='bbox 993 3658 1113 3738; x_wconf 90' lang='lat' dir='ltr'>paucis</span> <span class='ocrx_word' id='word_1_241' title='bbox 1136 3676 1154 3719; x_wconf 90' lang='lat' dir='ltr'>e</span> <span class='ocrx_word' id='word_1_242' title='bbox 1176 3655 1358 3732; x_wconf 88' lang='lat' dir='ltr'>radicibus,</span> 
     </span>
     <span class='ocr_line' id='line_1_31' title="bbox 177 3765 1362 3850; baseline -0.006 -18"><span class='ocrx_word' id='word_1_243' title='bbox 177 3788 323 3849; x_wconf 91' lang='lat' dir='ltr'>quarum</span> <span class='ocrx_word' id='word_1_244' title='bbox 359 3771 509 3850; x_wconf 84' lang='lat' dir='ltr'>origines</span> <span class='ocrx_word' id='word_1_245' title='bbox 541 3770 707 3850; x_wconf 88' lang='lat' dir='ltr'>explicari</span> <span class='ocrx_word' id='word_1_246' title='bbox 738 3771 831 3831; x_wconf 92' lang='lat' dir='ltr'>nullo</span> <span class='ocrx_word' id='word_1_247' title='bbox 863 3769 967 3830; x_wconf 90' lang='lat' dir='ltr'>modo</span> <span class='ocrx_word' id='word_1_248' title='bbox 995 3775 1147 3846; x_wconf 90' lang='lat' dir='ltr'>possent,</span> <span class='ocrx_word' id='word_1_249' title='bbox 1170 3765 1362 3844; x_wconf 87' lang='lat' dir='ltr'>pullulasse</span> 
     </span>
     <span class='ocr_line' id='line_1_32' title="bbox 177 3872 1358 3958; baseline -0.005 -20"><span class='ocrx_word' id='word_1_250' title='bbox 177 3877 240 3940; x_wconf 89' lang='lat' dir='ltr'>sibi</span> <span class='ocrx_word' id='word_1_251' title='bbox 261 3879 525 3958; x_wconf 76' lang='lat' dir='ltr'>persuaserat.³)</span> <span class='ocrx_word' id='word_1_252' title='bbox 554 3877 749 3940; x_wconf 91' lang='lat' dir='ltr'>Stoicorum</span> <span class='ocrx_word' id='word_1_253' title='bbox 771 3876 978 3939; x_wconf 90' lang='lat' dir='ltr'>sententiam</span> <span class='ocrx_word' id='word_1_254' title='bbox 1000 3874 1093 3953; x_wconf 90' lang='lat' dir='ltr'>apud</span> <span class='ocrx_word' id='word_1_255' title='bbox 1113 3872 1358 3950; x_wconf 84' lang='lat' dir='ltr'>Asclepiadem</span> 
     </span>
     <span class='ocr_line' id='line_1_33' title="bbox 177 3981 1359 4066; baseline -0.005 -18"><span class='ocrx_word' id='word_1_256' title='bbox 177 3998 270 4048; x_wconf 88' lang='lat' dir='ltr'>certe</span> <span class='ocrx_word' id='word_1_257' title='bbox 293 3987 420 4050; x_wconf 85' lang='lat' dir='ltr'>Sextus</span> <span class='ocrx_word' id='word_1_258' title='bbox 448 3987 603 4049; x_wconf 86' lang='lat' dir='ltr'>invenire</span> <span class='ocrx_word' id='word_1_259' title='bbox 631 3987 750 4066; x_wconf 90' lang='lat' dir='ltr'>potuit,</span> <span class='ocrx_word' id='word_1_260' title='bbox 779 4003 891 4064; x_wconf 91' lang='lat' dir='ltr'>neque</span> <span class='ocrx_word' id='word_1_261' title='bbox 919 3985 953 4047; x_wconf 92' lang='lat' dir='ltr'>in</span> <span class='ocrx_word' id='word_1_262' title='bbox 980 4001 1021 4046; x_wconf 90' lang='lat' dir='ltr'>ea</span> <span class='ocrx_word' id='word_1_263' title='bbox 1042 4001 1080 4044; x_wconf 90' lang='lat' dir='ltr'>re</span> <span class='ocrx_word' id='word_1_264' title='bbox 1098 3984 1240 4060; x_wconf 88' lang='lat' dir='ltr'>haereo,</span> <span class='ocrx_word' id='word_1_265' title='bbox 1268 3981 1359 4060; x_wconf 93' lang='lat' dir='ltr'>quod</span> 
     </span>
    </p>
   </div>
   <div class='ocr_carea' id='block_1_7' title="bbox 177 4151 1360 4489">
    <p class='ocr_par' dir='ltr' id='par_1_9' title="bbox 177 4151 1360 4308">
     <span class='ocr_line' id='line_1_34' title="bbox 287 4151 1360 4219; baseline -0.008 -14"><span class='ocrx_word' id='word_1_266' title='bbox 287 4157 305 4216; x_wconf 78' lang='lat'>¹)</span> <span class='ocrx_word' id='word_1_267' title='bbox 327 4157 380 4204; x_wconf 87' lang='lat' dir='ltr'>Iam</span> <span class='ocrx_word' id='word_1_268' title='bbox 400 4158 474 4204; x_wconf 87' lang='lat' dir='ltr'>Fabii</span> <span class='ocrx_word' id='word_1_269' title='bbox 499 4165 583 4204; x_wconf 89' lang='lat' dir='ltr'>aetate</span> <span class='ocrx_word' id='word_1_270' title='bbox 608 4157 751 4219; x_wconf 85' lang='lat' dir='ltr'>peculiares</span> <span class='ocrx_word' id='word_1_271' title='bbox 777 4163 899 4202; x_wconf 87' lang='lat' dir='ltr'>tractatus</span> <span class='ocrx_word' id='word_1_272' title='bbox 925 4155 1053 4202; x_wconf 88' lang='lat' dir='ltr'>exstitisse</span> <span class='ocrx_word' id='word_1_273' title='bbox 1078 4151 1157 4210; x_wconf 90' lang='lat' dir='ltr'>vides,</span> <span class='ocrx_word' id='word_1_274' title='bbox 1182 4152 1272 4213; x_wconf 92' lang='lat' dir='ltr'>quibus</span> <span class='ocrx_word' id='word_1_275' title='bbox 1287 4152 1360 4196; x_wconf 89' lang='lat' dir='ltr'>&#39;inter</span> 
     </span>
     <span class='ocr_line' id='line_1_35' title="bbox 177 4243 1330 4308; baseline -0.006 -14"><span class='ocrx_word' id='word_1_276' title='bbox 177 4247 349 4308; x_wconf 85' lang='lat' dir='ltr'>etymologias</span> <span class='ocrx_word' id='word_1_277' title='bbox 366 4246 502 4294; x_wconf 88' lang='lat' dir='ltr'>verborum</span> <span class='ocrx_word' id='word_1_278' title='bbox 520 4248 597 4293; x_wconf 86' lang='lat' dir='ltr'>etiam</span> <span class='ocrx_word' id='word_1_279' title='bbox 614 4247 746 4293; x_wconf 89' lang='lat' dir='ltr'>nominum</span> <span class='ocrx_word' id='word_1_280' title='bbox 763 4245 924 4308; x_wconf 87' lang='lat' dir='ltr'>propriorum</span> <span class='ocrx_word' id='word_1_281' title='bbox 942 4258 1034 4290; x_wconf 89' lang='lat' dir='ltr'>causae</span> <span class='ocrx_word' id='word_1_282' title='bbox 1052 4243 1185 4304; x_wconf 88' lang='lat' dir='ltr'>expositae</span> <span class='ocrx_word' id='word_1_283' title='bbox 1203 4249 1281 4293; x_wconf 85' lang='lat' dir='ltr'>erant,</span> <span class='ocrx_word' id='word_1_284' title='bbox 1329 4301 1330 4304; x_wconf 8' lang='grc' dir='ltr'><strong>Ἴ</strong></span> 
     </span>
    </p>

    <p class='ocr_par' dir='ltr' id='par_1_10' title="bbox 287 4332 1301 4396">
     <span class='ocr_line' id='line_1_36' title="bbox 287 4332 1301 4396; baseline -0.011 -10"><span class='ocrx_word' id='word_1_285' title='bbox 287 4337 308 4396; x_wconf 80' lang='lat'>²)</span> <span class='ocrx_word' id='word_1_286' title='bbox 326 4337 367 4387; x_wconf 84' lang='lat' dir='ltr'>Cf.</span> <span class='ocrx_word' id='word_1_287' title='bbox 384 4337 610 4384; x_wconf 82' lang='lat' dir='ltr'>Reitzensteinius.</span> <span class='ocrx_word' id='word_1_288' title='bbox 630 4336 725 4382; x_wconf 77' lang='lat' dir='ltr'>»Varro</span> <span class='ocrx_word' id='word_1_289' title='bbox 742 4351 765 4382; x_wconf 91' lang='lat' dir='ltr'>u.</span> <span class='ocrx_word' id='word_1_290' title='bbox 784 4333 840 4396; x_wconf 87' lang='lat' dir='ltr'>Joh.</span> <span class='ocrx_word' id='word_1_291' title='bbox 857 4348 879 4383; x_wconf 90' lang='grc' dir='ltr'>ν.</span> <span class='ocrx_word' id='word_1_292' title='bbox 898 4332 1035 4380; x_wconf 64' lang='lat' dir='ltr'>Euchaita&lt;</span> <span class='ocrx_word' id='word_1_293' title='bbox 1054 4347 1078 4394; x_wconf 79' lang='lat' dir='ltr'>p,</span> <span class='ocrx_word' id='word_1_294' title='bbox 1097 4343 1126 4390; x_wconf 84' lang='lat'>34</span> <span class='ocrx_word' id='word_1_295' title='bbox 1145 4345 1199 4392; x_wconf 87' lang='lat' dir='ltr'>sqq.</span> <span class='ocrx_word' id='word_1_296' title='bbox 1299 4349 1301 4352; x_wconf 92' lang='lat'>·</span> 
     </span>
    </p>

    <p class='ocr_par' dir='ltr' id='par_1_11' title="bbox 285 4426 822 4489">
     <span class='ocr_line' id='line_1_37' title="bbox 285 4426 822 4489; baseline -0.011 -11"><span class='ocrx_word' id='word_1_297' title='bbox 285 4428 304 4488; x_wconf 77' lang='lat'>³)</span> <span class='ocrx_word' id='word_1_298' title='bbox 322 4429 362 4478; x_wconf 85' lang='lat' dir='ltr'>Cs.</span> <span class='ocrx_word' id='word_1_299' title='bbox 380 4429 595 4476; x_wconf 88' lang='lat' dir='ltr'>Reitzensteinius</span> <span class='ocrx_word' id='word_1_300' title='bbox 613 4428 628 4479; x_wconf 87' lang='lat' dir='ltr'>l,</span> <span class='ocrx_word' id='word_1_301' title='bbox 646 4428 661 4474; x_wconf 92' lang='lat' dir='ltr'>l.</span> <span class='ocrx_word' id='word_1_302' title='bbox 678 4443 702 4489; x_wconf 88' lang='lat' dir='ltr'>p.</span> <span class='ocrx_word' id='word_1_303' title='bbox 719 4426 747 4475; x_wconf 81' lang='lat'>81</span> <span class='ocrx_word' id='word_1_304' title='bbox 767 4441 822 4488; x_wconf 89' lang='lat' dir='ltr'>sqq.</span> 
     </span>
    </p>
   </div>
   <div class='ocr_carea' id='block_1_8' title="bbox 0 0 1607 5066">
    <p class='ocr_par' dir='ltr' id='par_1_12' title="bbox 0 0 1607 5066">
     <span class='ocr_line' id='line_1_38' title="bbox 0 0 1607 5066; baseline 0 0"><span class='ocrx_word' id='word_1_305' title='bbox 0 0 1607 5066; x_wconf 95' lang='lat' dir='ltr'> </span> 
     </span>
    </p>
   </div>
  </div>
 </body>
</html>
