3168 5066
637 437 838 499 ..-47...

141 626 427 704 metaplasmus«
457 625 645 688 Praeterea
667 625 770 688 etiam
791 627 900 688 multa
914 625 1039 688 similia
1052 625 1087 688 in
1101 627 1168 690 hoc
1183 597 1332 688 devitiis
1359 601 1364 614 ¹

142 743 297 798 tractatu
320 742 354 794 et
375 732 504 794 Fabius
527 742 561 794 et
577 731 784 796 Consentius
806 733 983 811 praebent.
1007 732 1214 796 Conferatur
1227 733 1332 810 ¹Qui-n-

141 839 253 902 tiliani
275 840 322 918 (V
340 840 403 918 lo):
433 841 652 904 »Absurdum
678 840 824 904 forsitan
845 841 1005 904 videatur
1026 839 1140 902 dicere
1162 841 1332 908 barbaris·
1421 847 1426 860 ²

142 963 251 1025 mum,
280 947 372 1028 quod
401 958 455 1010 est
482 949 583 1012 unius
614 948 713 1011 verbi
739 948 870 1025 vitium,
896 947 972 1010 fieri
998 965 1060 1028 per
1081 966 1245 1010 numeros
1272 959 1332 1010 aut

110 1137 115 1139 Π
141 1073 287 1136 genera,
303 1056 392 1118 sicut
406 1057 665 1120 soloecismum:
683 1055 801 1118 ‘scala'
819 1064 937 1120 tamen
950 1065 983 1118 et
997 1056 1128 1135 ‘scopa’
1142 1065 1331 1136 contraque
1362 1077 1364 1088 ·

144 1163 302 1226 ‘hordea’
334 1172 368 1226 et
398 1162 533 1226 ‘mulsa'
564 1163 643 1226 licet
672 1163 865 1226 litterarum
893 1163 1176 1240 immutationem,
1200 1165 1331 1226 detrac-

141 1273 286 1348 tionem,
315 1271 544 1334 adiectionem
574 1273 734 1350 habeant,
763 1289 834 1334 non
862 1271 928 1334 alio
957 1272 1084 1334 vitiosa
1115 1281 1204 1348 sunt,
1227 1289 1331 1352 quam

142 1381 238 1460 quod
259 1381 408 1459 pluralia
423 1365 644 1459 singulariter
666 1387 700 1443 et
720 1379 910 1458 singularia
929 1381 1107 1458 pluraliter
1130 1379 1330 1456 efferuntur,

143 1498 181 1550 et
204 1487 342 1568 ‘gladia’
367 1488 424 1568 qui
446 1488 614 1566 dixerunt,
636 1502 765 1568 genere
788 1487 1007 1550 exciderunt«
1031 1499 1065 1550 et
1088 1487 1265 1550 Consentii
1286 1489 1330 1566 (p.

138 1599 248 1672 sasas
280 1596 387 1676 sqq.):
423 1596 539 1658 »Inter
569 1596 824 1658 barbarismum
861 1595 1033 1675 quaedam
1047 1590 1051 1596 ’
1066 1595 1134 1658 illic
1170 1594 1332 1658 distantia
1408 1611 1410 1613 ·

140 1723 167 1767 a
202 1705 430 1784 scriptoribus
467 1705 582 1783 posita
617 1699 688 1780 est,
732 1705 823 1783 quod
867 1703 1103 1767 barbarismus
1144 1721 1215 1766 una
1256 1721 1330 1766 ora-

140 1812 247 1874 tionis
268 1821 368 1891 parte
384 1813 610 1874 soloecismus
625 1812 780 1891 pluribus
796 1821 932 1875 constat
947 1829 975 1874 e.
992 1830 1022 1891 q.
1039 1829 1083 1874 s«
1102 1822 1136 1874 et
1151 1812 1195 1890 (p.
1210 1811 1329 1890 sabaa

145 1921 232 1984 »Ubi
266 1938 352 1982 vero
389 1921 607 1992 adiectiones¹
629 1921 921 1984 'detractionesve
957 1929 991 1982 et
1026 1930 1151 1997 cetera,
1179 1937 1268 1998 quae
1296 1920 1331 1981 iu

141 2027 290 2106 siugulis
320 2027 408 2091 fiunt
430 2028 600 2109 partibus
622 2030 779 2108 imperite
801 2029 1004 2107 factasunt,
1027 2029 1072 2090 ibi
1093 2027 1338 2090 barbarismus·

141 2145 209 2212 est,
239 2135 295 2197 ubi
320 2121 430 2216 perite
458 2156 537 2202 cum
559 2138 763 2200 auctoritate
784 2137 830 2200 ibi
850 2139 1101 2216 metaplasmus
1124 2146 1185 2212 est,
1209 2136 1251 2198 de
1271 2135 1329 2196 illo

141 2242 332 2322 quaeritur,
345 2253 471 2322 utrum,
488 2246 516 2308 si
529 2263 571 2308 ea
586 2265 674 2325 quae
691 2263 829 2326 semper
844 2245 991 2326 pluralia
1006 2254 1094 2321 sunt,
1111 2243 1331 2323 singulariter

137 2353 377 2432 proferuntur,
409 2355 516 2418 veluti
548 2355 577 2416 si
606 2356 681 2434 quis
713 2355 803 2418 dicat
830 2371 985 2437 scopam,
1016 2353 1157 2428 scalam,
1180 2349 1328 2424 sordem,

142 2460 352 2540 quadrigam
367 2470 427 2524 aut
440 2462 532 2540 item,
545 2463 574 2525 si
585 2464 660 2542 quis
677 2463 768 2526 dicat
782 2465 887 2539 luces,
900 2479 1015 2541 paces,
1029 2461 1273 2524 soloecismum
1285 2475 1329 2522 an

142 2568 400 2632 barbarismum
421 2569 535 2632 faciat.
565 2571 627 2634 Est
650 2571 829 2633 enimboc
851 2570 1015 2632 dissimile
1037 2569 1080 2631 ab
1101 2588 1142 2631 eo
1159 2570 1329 2647 exempla

140 2676 238 2755 quod
267 2677 426 2756 superius
455 2679 607 2757 positum
636 2689 697 2754 est,
728 2697 810 2741 nam
837 2678 893 2758 qui
922 2663 1081 2740 dicii...
1121 2675 1186 2738 Hic
1213 2684 1329 2738 autem

141 2785 238 2864 quod
266 2803 409 2864 prorsus
439 2786 504 2848 dici
526 2786 648 2850 melius
670 2805 732 2866 per
753 2786 957 2848 latinitatem
979 2803 1048 2846 non
1066 2777 1193 2864 potest,
1216 2783 1329 2862 singu-

141 2891 262 2954 lariter
292 2901 351 2954 aut
377 2893 555 2972 pluraliter
581 2896 675 2956 nullo
703 2911 820 2956 errore
842 2893 983 2956 alterius
1004 2893 1198 2956 intellectus
1220 2891 1329 2970 accipi

141 3007 260 3078 potest
276 3047 342 3062 ....
364 2999 417 3061 Ex
440 3017 507 3080 quo
526 3002 596 3063 iam
611 3011 756 3081 apparet
770 3003 853 3064 illud
867 3002 901 3063 in
917 3001 1184 3080 dispututiouem
1200 2998 1327 3080 venire,

140 3117 261 3170 utrum
291 3107 392 3170 dictio
424 3127 494 3172 una
525 3110 635 3189 possit
667 3120 701 3172 et
726 3111 980 3172 barbarismum
1006 3110 1136 3172 habere
1164 3116 1198 3170 et
1219 3109 1329 3168 soloe·
1405 3123 1408 3131 “

142 3215 318 3278 cismum.<‹
351 3216 596 3294 Quintilianum
617 3218 731 3296 ipsum
753 3218 975 3281 aConsentio
997 3217 1123 3296 respici
1138 3215 1196 3276 vix
1212 3215 1327 3290 credo,

140 3322 207 3384 sed
232 3324 297 3385 hos
325 3324 412 3386 duos
434 3326 682 3403 grammaticos
705 3344 748 3388 ex
769 3343 837 3388 uno
861 3334 1002 3388 auctore
1024 3323 1175 3404 pendere
1196 3330 1327 3402 negare

139 3447 212 3492 non
234 3431 434 3510 poterimus
445 3434 467 3510 ¹)
496 3433 532 3495 Si
548 3433 775 3509 Quintilianus
796 3433 830 3494 in
851 3433 921 3494 fine
936 3433 1037 3495 huius
1053 3433 1095 3493 de
1110 3429 1326 3493 barbarismo

140 3537 252 3617 partis
279 3539 309 3618 (ξ
334 3539 382 3618 17)
410 3540 597 3620 subiungit:
633 3541 720 3603 »Sed
745 3541 812 3602 hoc
838 3559 975 3620 quoque
1000 3551 1122 3602 notare
1145 3547 1326 3622 contentus

140 3663 230 3722 sum,
252 3665 297 3708 ne
320 3647 385 3710 arti
407 3650 509 3727 culpa
524 3650 739 3728 quorundam
754 3649 988 3728 pervicacium
1003 3651 1190 3728 perplexae
1206 3646 1327 3708 videar

141 3763 177 3816 et
202 3755 277 3834 ipse
304 3757 542 3834 quaestionem
565 3757 756 3820 addidisse«
781 3767 815 3820 et
837 3758 866 3818 si
887 3760 917 3836 (ᾗ
943 3758 992 3835 14)
1017 3775 1104 3834 eum,
1127 3756 1184 3836 qui
1205 3774 1326 3818 omnes

138 3862 379 3925 barbarismos
402 3865 624 3941 detractione,
641 3865 841 3940 adiectione,
857 3866 1104 3940 immutatione,
1121 3873 1326 3926 transmuta-

139 3969 235 4032 tione
257 3971 334 4032 iieri
349 3973 465 4049 credit,
481 3975 749 4052 grammaticum
764 3985 801 4037 ut
816 3975 980 4054 pinguem
995 3991 1192 4054 pexumque
1208 3973 1325 4034 irridet

138 4086 245 4156 atque
276 4078 380 4140 etiam
405 4082 541 4144 solutae
562 4083 726 4145 orationis
749 4084 973 4162 scriptoribus
996 4084 1168 4164 quaedam
1189 4082 1325 4162 permit-

137 4193 214 4248 tere
236 4187 321 4262 vult,
345 4205 434 4266 quae
455 4188 511 4250 ille
532 4190 632 4252 nimis
655 4209 800 4254 severus
823 4210 947 4255 censor
968 4191 1080 4272 poetis
1102 4200 1236 4254 tantum
1250 4208 1326 4268 per-

210 4451 231 4479 χ
249 4421 269 4480 ¹)
287 4419 328 4469 Cf.
346 4420 418 4468 Birtii
436 4431 558 4470 tractatus
576 4423 592 4470 l.
609 4424 624 4470 l.
