3168 5066
729 386 928 450 „30-

234 591 256 636 e
277 573 510 636 recentiorum
531 573 726 637 Stoicorum
747 573 842 636 libris
869 574 1111 653 depromptam
1134 553 1214 646 esse
1235 573 1422 636 verisimile
1454 633 1458 640 ,

235 691 299 744 est.
321 681 412 744 Nam
433 681 582 761 quinque
605 681 770 744 orationis
792 691 912 762 partes
933 682 999 744 hos
1013 681 1241 762 philosophos
1262 683 1422 762 posuisse

235 807 343 870 supra
365 789 523 867 vidimus
551 789 674 870 quibus
696 790 769 854 sine
792 789 895 854 dubio
919 789 1023 852 etiam
1045 789 1193 868 quinque
1215 788 1423 867 παρεπόμενα

234 898 384 960 nominis
406 897 673 978 respondebant.
695 897 883 958 Praeterea
910 895 1059 976 quinque
1089 897 1253 960 orationis
1275 897 1421 960 virtutes

234 1006 342 1070 Stoici
362 1015 553 1088 posuerunt
568 1013 656 1068 teste
672 1005 831 1084 Diogene
846 1002 986 1066 Laertio
1002 1003 1078 1082 (VII
1092 1005 1158 1082 oth:
1179 1002 1298 1080 Ἀρεταὶ
1314 1005 1349 1065 δὲ
1363 1006 1421 1065 τοῦ

237 1113 336 1187 λόγου
353 1113 415 1175 εἰσὶ
434 1111 765 1189 πίντεἘλληνισμός,
783 1112 958 1190 σαφήνεια,
976 1109 1141 1188 συντομία,
1155 1111 1287 1187 πρέπον,
1303 1125 1420 1173 κατασ-

234 1218 321 1294 κευή.
332 1219 353 1294 ¹)
383 1218 534 1282 Dubium
549 1219 653 1298 igitur
668 1237 746 1282 esse
761 1237 831 1280 non
845 1226 973 1298 potest,
990 1217 1071 1297 quin
1087 1218 1284 1295 Quintiliani
1300 1227 1421 1282 auctor

233 1327 326 1390 hanc
354 1325 549 1390 Stoicorum
577 1327 612 1389 in
634 1327 782 1406 quinque
814 1336 933 1406 partes
961 1324 1181 1406 partitionem
1208 1326 1420 1408 respexerit3

233 1441 350 1496 utrum
371 1435 446 1514 ipse
469 1453 547 1497 eam
569 1433 770 1514 probaverit
798 1453 843 1496 an
871 1451 949 1510 non,
979 1432 1139 1512 equidem
1166 1443 1236 1494 non
1263 1433 1419 1497 diiudico.

297 1543 301 1560 '
343 1543 440 1620 Quae
473 1553 663 1622 sequuntur
695 1543 725 1621 (ό
754 1543 794 1604 24
816 1543 902 1621 sqq.)
934 1542 1038 1620 paulo
1073 1539 1184 1602 fusius
1214 1541 1421 1620 explicanda

233 1648 403 1712 videntur.
446 1629 640 1713 Generibus
672 1650 882 1714 enumeratis
915 1650 1075 1712 Donatus
1108 1648 1197 1726 (Keil
1228 1649 1277 1712 IV
1305 1651 1419 1730 375,2⁴)

233 1756 361 1836 pergit:
386 1756 490 1819 »Sunt
511 1765 695 1836 praeterea
717 1758 784 1820 alia
806 1775 892 1820 sono
915 1756 1115 1833 masculina,
1134 1756 1311 1820 intellectu
1324 1757 1421 1820 femi-

232 1863 323 1938 nina,
352 1873 389 1926 ut
410 1864 599 1927 Eunuchus
621 1865 810 1943 comoedia,
840 1865 984 1928 Orestes
1005 1864 1195 1943 tragoedia,
1224 1864 1419 1930 Centaurus

232 1972 347 2050 navis;
371 1972 439 2034 alia
461 1988 546 2034 sono
568 1971 743 2048 feminina,
762 1973 937 2036 intellectu
952 1971 1153 2047 masculina,
1169 1981 1207 2035 ut
1221 1972 1420 2036 Fenestella

233 2079 390 2158 scriptor,
413 2079 540 2159 Aquila
562 2089 688 2156 orator,
712 2081 779 2144 alia
801 2099 887 2142 sono
906 2089 1039 2157 neutra,
1054 2080 1230 2142 intellectu
1244 2080 1418 2158 feminina,

233 2197 270 2250 ut
292 2188 520 2250 Phronesium
548 2189 670 2250 mulier
698 2190 754 2250 vel
784 2188 1034 2268 Glyceriume)
1064 2189 1119 2265 (cl.
1149 2188 1262 2252 Diom.
1290 2190 1367 2252 Keil
1395 2190 1418 2252 Ι.

231 2296 301 2369 328,
310 2298 422 2374 arr—a).
462 2295 595 2358 Eadem
627 2297 750 2360 eodem
787 2297 906 2358 ordine
948 2296 1017 2366 iam
1058 2295 1255 2373 Quintiliani
1297 2305 1419 2359 auctor

161 2415 165 2426 ’
233 2405 398 2467 attulerat
419 2403 473 2484 (cf.
497 2407 514 2483 ό
536 2405 589 2468 24ῑ
621 2413 698 2466 »aut
726 2423 815 2484 quae
843 2403 1008 2466 feminina
1029 2405 1199 2484 positione
1220 2423 1337 2468 mares
1359 2415 1419 2468 aut

233 2511 380 2574 neutrali
407 2511 555 2574 feminas
584 2511 824 2590 significant«).
867 2513 965 2574 Haec
994 2513 1042 2574 ita
1069 2513 1243 2592 explicare
1273 2522 1417 2576 conatus

231 2629 296 2696 est,
318 2629 355 2682 ut
378 2619 530 2696 ἐπώνυμα
552 2637 594 2681 ea
617 2637 704 2695 esse,
728 2638 798 2680 non
818 2637 904 2682 vera
925 2621 1066 2683 nomina
1081 2621 1210 2682 diceret
1225 2630 1259 2683 et
1273 2621 1418 2684 brevem

232 2728 276 2790 de
299 2727 459 2806 epithetis
481 2736 667 2789 tractatum
688 2726 866 2790 insereret.
895 2727 1031 2790 Nexum
1051 2728 1300 2791 sententiarum
1316 2728 1418 2806 Quin-

231 2835 370 2898 tilianus
402 2853 525 2914 parum
556 2834 737 2908 intellexit,
771 2853 849 2898 cum
881 2845 1057 2914 pergeret:
1096 2836 1330 2899 »Scrutabitur
1360 2836 1416 2898 ille

231 2949 440 3021 praeceptor
468 2959 549 3004 acer
578 2952 681 3022 atque
710 2942 843 3006 subtilis
872 2943 1023 3022 origines
1045 2944 1231 3021 nominum,
1261 2948 1350 3024 quae
1372 2963 1418 3008 ex

232 3049 351 3111 habitu
386 3050 540 3128 corporis
569 3050 679 3112 Rufos
707 3050 917 3129 Longosque
946 3050 1111 3129 iecerunt,
1146 3052 1204 3114 ubi
1232 3053 1296 3114 erit
1324 3053 1417 3116 aliud

204 3229 206 3234 ¹
231 3157 409 3234 secretius,
422 3157 548 3235 Sullae,
561 3159 670 3235 Burri,
683 3158 826 3235 Galbae,
841 3158 961 3236 Plauti,
970 3141 1107 3222 Pansae
1116 3160 1237 3224 Scauri
1254 3161 1414 3241 taliaque,

231 3275 266 3328 et
283 3284 325 3327 ex
342 3261 425 3328 casu
440 3267 668 3341 nascentium,
690 3285 717 3330 e.
734 3286 764 3347 q.
781 3287 825 3330 s«
851 3267 1085 3330 confirmatur
1100 3270 1271 3332 sententia
1285 3278 1414 3347 nostra,
1434 3285 1436 3288 ·

178 3373 181 3384 '
230 3373 261 3434 si
277 3373 435 3452 Dionysii
449 3373 595 3437 Thracis
617 3384 728 3437 artem
750 3385 1018 3454 perscrutamur,
1041 3376 1099 3438 ubi
1119 3377 1155 3439 in
1176 3386 1335 3453 tractatu,
1358 3377 1416 3458 qui

231 3490 286 3542 est
308 3482 349 3542 de
378 3482 555 3546 nominum
584 3484 766 3563 speciebus
793 3485 941 3563 legimus
970 3485 1087 3564 (Uhlig
1108 3502 1140 3562 p.
1162 3485 1228 3563 bill:
1248 3483 1414 3546 Ἐπίθετον

231 3589 268 3648 be
291 3588 358 3649 ἐστι
379 3590 416 3650 τὸ
439 3589 487 3650 ἐπὶ
509 3591 626 3666 κυρίων
649 3591 667 3666 ἢ
690 3595 940 3668 προσηγορικῶν
964 3591 1146 3668 ὁμωνύμως
1171 3592 1336 3679 τιθέμενον
1365 3593 1415 3653 καὶ
1440 3609 1445 3616 ·

231 3698 353 3771 δηλοῦν
383 3693 517 3761 ἔπαινον
546 3700 564 3775 ἢ
595 3699 709 3776 ψόγον.
738 3700 926 3762 Praeterea
953 3699 988 3761 in
1016 3708 1141 3761 octavo
1171 3698 1341 3762 Varronis
1371 3699 1414 3760 de

231 3804 349 3884 lingua
371 3805 495 3868 Latina
520 3807 606 3869 libro
628 3815 808 3884 tractatus
831 3825 899 3887 quo
922 3807 964 3868 de
987 3805 1214 3868 declinatione
1235 3805 1413 3868 nominum

231 3923 266 3974 et
289 3912 331 3974 de
354 3915 615 3994 cognominibus
638 3915 751 3996 agitur
774 3915 824 3994 (ἐξ
852 3915 970 3993 1-17),
993 3915 1230 3992 conferatur.¹)

340 4049 358 4106 ¹)
378 4049 418 4098 Cl‘.
436 4049 544 4105 Striller,
563 4050 601 4096 De
621 4050 764 4098 Stoicorum
788 4051 877 4097 studiis
896 4049 1029 4096 rhetoricis
1047 4048 1205 4107 (»Breslaucr
1222 4047 1344 4110 philolog.
1361 4047 1414 4096 Ab·

232 4136 352 4199 handlgn.
370 4139 386 4190 Ι,
404 4137 476 4186 1836«
495 4155 518 4200 p.
532 4150 561 4200 50
574 4142 652 4201 sqq.);
671 4141 701 4192 (Β,
717 4140 836 4203 Schepss,
855 4140 894 4186 De
913 4139 1076 4196 soloecismo,
1094 4138 1241 4185 dissertatio
1259 4138 1413 4200 inauguralis

230 4227 395 4290 Argentorat.
415 4227 472 4288 1875
491 4245 514 4290 p.
533 4239 570 4288 23.

339 4316 359 4377 ί)
377 4317 417 4366 Cf.
436 4318 560 4366 Claussen
578 4317 593 4365 l
606 4318 621 4368 l.
639 4334 662 4380 p.
680 4329 732 4378 377.
