3168 5066
730 427 931 488 -36-

241 632 325 676 usus
354 624 407 676 est
435 614 565 685 melior,
594 633 676 677 narn
697 615 739 676 de
762 615 897 677 actione
918 625 999 694 post
1019 615 1149 692 videm,
1172 633 1277 695 quarn
1298 625 1336 678 ut
1356 615 1422 678 La·

241 724 323 800 tine,
356 731 394 784 ut
424 725 540 802 plane,
575 735 612 786 ut
644 732 777 798 ornate,
806 731 844 784 ut
870 723 914 785 ad
944 721 988 798 id,
1024 724 1265 803 quodcumque
1298 707 1422 803 agitur',

241 839 321 910 apte
333 840 633 911 congruenterque
648 830 832 892 dicamus«.
845 830 964 908 Neque
979 848 1049 892 non
1063 831 1207 924 libellus
1224 831 1281 910 qui
1293 831 1420 894 Orator

239 939 435 1002 inscribitur
466 939 620 1002 adhiberi
653 947 769 1019 potest
801 941 831 1018 (ᾗ
861 940 926 1016 79);
971 938 1111 1001 »Sermo
1146 955 1253 1018 purus
1289 939 1352 1000 erit
1386 948 1421 1000 et

239 1046 392 1119 Latinus
423 1047 568 1110 dilucide
596 1049 766 1128 planeque
796 1048 936 1124 dicetur,
970 1046 1050 1126 quid
1076 1047 1198 1108 deceat
1224 1047 1419 1126 circumspi-

240 1155 357 1232 cietur,
390 1173 495 1218 unum
526 1155 644 1232 aberit,
677 1155 769 1235 quod
794 1164 955 1234 quartum
976 1163 1136 1217 numerat
1156 1155 1421 1232 Theophrastus

239 1263 274 1325 in
295 1263 459 1326 orationis
480 1263 647 1340 laudibus
671 1272 829 1340 omatum
850 1263 933 1325 illud
948 1280 1057 1325 suave
1073 1271 1108 1324 et
1122 1261 1300 1324 affluens«
1330 1261 1421 1324 Num

241 1370 362 1433 Cicero
393 1371 449 1434 hic
479 1371 586 1450 ipsius
618 1371 850 1450 Theophrasti
881 1370 1088 1435 sententiam
1118 1369 1287 1448 proterat,
1327 1369 1419 1432 dubi-

239 1477 434 1558 taverim31)
470 1479 533 1540 sed
564 1487 696 1541 certum
728 1487 781 1540 est
812 1478 960 1540 Tullium
982 1486 1146 1558 quattuor
1168 1477 1331 1540 orationis
1352 1477 1418 1538 vir-

346 1705 365 1765 ¹)
384 1705 448 1753 Cum
471 1704 564 1752 Cicero
586 1705 611 1750 in
630 1703 738 1751 Oratore
761 1704 786 1766 (ξ
804 1706 843 1763 79)
862 1703 1034 1766 Theophrasti
1056 1705 1213 1750 mentionem
1234 1703 1320 1760 saciat,
1343 1717 1419 1765 quae-

239 1794 348 1841 rendum
365 1794 440 1842 nobis
463 1794 517 1850 erit,
544 1779 770 1854 Theoph'rastusne
793 1795 842 1840 iam
867 1801 986 1856 quattuor
1008 1793 1113 1840 virtutes
1136 1809 1151 1839 a
1173 1791 1266 1840 Cicero
1288 1791 1337 1840 hoc
1358 1793 1418 1840 loco

237 1883 350 1946 prolatas
370 1884 493 1933 statuerit.
515 1883 613 1930 Primus
630 1883 663 1930 M.
677 1884 794 1932 Schmidt
811 1885 861 1944 (De
879 1865 1061 1946 Theophrasto
1080 1883 1181 1931 rhetore
1199 1899 1223 1946 p,
1235 1888 1275 1945 45)
1293 1883 1419 1946 Simplicii

238 1974 270 2020 ad
287 1973 453 2020 Aristotelem
466 1974 657 2020 commentariis
669 1973 789 2021 adhibitis
801 1989 933 2021 numerum
946 1975 1066 2020 virtutum
1079 1975 1202 2021 orationis
1215 1973 1419 2036 aTheophrasto

239 2065 433 2112 constitutarum
452 2078 508 2110 sese
526 2062 630 2110 definire
647 2079 724 2126 posse
746 2065 851 2126 putavit.
884 2064 1004 2126 Legimus
1029 2064 1064 2110 ibi
1087 2065 1236 2124 (comment.
1258 2045 1290 2110 ad
1312 2065 1418 2116 Aristot.

239 2165 320 2217 categ.
337 2165 387 2217 p.3
404 2155 424 2200 B
442 2154 472 2200 ed
490 2153 546 2201 Bas.
566 2157 646 2215 1551):
665 2157 725 2205 καθ’
743 2155 758 2206 ὃ
776 2155 826 2217 μέν
843 2155 896 2216 γὰρ
915 2154 1000 2216 λέξεις
1014 2155 1098 2216 όιλλας
1111 2152 1206 2215 έχουσι
1218 2154 1416 2217 πραγματείας,

239 2245 270 2305 ἃς
289 2244 319 2294 ἐν
337 2248 378 2307 τῷ
391 2239 459 2306 περὶ
475 2246 527 2293 τοῦ
545 2243 630 2304 λόγου
652 2244 800 2306 στοιχείων
819 2242 834 2292 ό
852 2259 882 2294 τε
901 2244 1085 2307 Θεόφραστος
1104 2233 1231 2296 ἀνακινεῖ
1249 2245 1294 2296 καί
1312 2245 1338 2296 oi
1355 2245 1417 2308 περὶ

238 2333 326 2384 αυτόν
343 2331 528 2396 γεγραφότες,
547 2331 611 2383 οἷον
628 2331 751 2396 πότερον
770 2334 861 2396 ὄνομα
879 2333 924 2383 καὶ
942 2333 1017 2396 ῥῆμα
1034 2336 1087 2384 τοῦ
1103 2332 1189 2394 λόγου
1200 2333 1418 2396 στοιχεῖαῆκαί
1475 2341 1484 2352 “

238 2424 329 2487 ἄρθρα
346 2421 391 2473 καὶ
408 2421 561 2482 σύνδεσμοι
578 2421 624 2474 καί
641 2421 711 2473 ἄλλα
729 2423 800 2474 τινό.
819 2423 919 2484 λέξεως
938 2422 969 2473 δέ
987 2425 1077 2474 ταῦτα
1090 2422 1168 2486 μέρη,
1182 2423 1268 2484 λόγου
1282 2423 1312 2473 δὲ
1325 2425 1416 2486 ὄνομα

237 2511 283 2563 καί
304 2513 386 2576 ῥῆμα.
411 2511 457 2562 καὶ
474 2511 514 2573 τίς
531 2512 548 2575 ἡ
567 2511 647 2587 κυρία
665 2513 743 2574 λέξις,
766 2512 806 2574 τίς
829 2513 859 2563 δέ
882 2514 898 2577 ἡ
922 2514 1108 2578 μεταφορική.
1131 2513 1176 2564 καί
1198 2513 1261 2565 τίνα
1283 2515 1319 2564 τὰ
1340 2513 1415 2578 παθη

236 2602 330 2666 αὐτῆς,
352 2601 416 2654 οἷον
434 2601 460 2653 τί
478 2603 616 2666 ἀποκοπή,
634 2601 660 2652 τί
678 2602 812 2666 συγκοπή,
830 2605 856 2654 τί
869 2602 1029 2674 ἀφαίρεσις·
1048 2602 1122 2664 τίνες
1141 2604 1168 2656 αἱ
1186 2604 1279 2662 ἁπλαῖ,
1298 2602 1371 2665 τίνες
1389 2603 1416 2656 αἱ

235 2693 375 2754 σύνθετοι,
401 2691 475 2754 τίνες
507 2692 534 2744 αἱ
559 2691 757 2752 ὑποσίινθετοι,
787 2692 832 2743 καί
854 2693 908 2743 ὅσα
936 2695 1062 2744 τοιαῦτα.
1090 2693 1135 2744 καί
1162 2693 1215 2744 ὅσα
1242 2693 1305 2756 περὶ
1332 2692 1417 2744 ἰδεῶν

236 2783 357 2846 εἴρηται·
375 2781 401 2833 τί
417 2783 450 2833 τό
469 2782 558 2846 σαφές
577 2781 608 2832 έν
625 2784 687 2842 ταῖς
705 2780 820 2842 λέξεσιν,
837 2781 863 2833 τί
880 2782 913 2832 τό
933 2774 1187 2846 μεγαλοπρεπέςίτί
1204 2783 1237 2832 τὸ
1254 2782 1307 2846 ἡδὺ
1325 2781 1370 2833 καὶ
1382 2782 1415 2832 τό

235 2871 364 2922 πιθανόν,
397 2872 511 2920 Virtutes
533 2879 617 2918 autem
640 2872 763 2918 orationis
780 2872 821 2938 hic
843 2872 876 2922 τό
895 2871 992 2935 σαφές,
1015 2873 1048 2931 τὸ
1067 2871 1285 2935 μεγαλοπρεπές,
1303 2872 1337 2922 τό
1354 2871 1415 2936 ἡδὺ,

235 2962 268 3012 τό
280 2961 401 3011 πιθανόν
415 2977 471 3008 esse
485 2961 639 3009 Schmidtius
652 2963 750 3008 censuit
763 2961 989 3024 (SimiliterJauius
1003 2963 1034 3008 ad
1044 2961 1161 3008 Oratoris
1173 2963 1358 3025 paragraphum
1368 2964 1417 3024 79).

236 3051 287 3098 Sed
308 3051 373 3098 hanc
397 3053 550 3098 sententiam
572 3053 641 3098 redte
663 3052 696 3103 H.
714 3053 810 3100 Rabius
831 3053 891 3108 (1.1.
909 3068 933 3114 p.
950 3056 989 3112 42)
1013 3052 1074 3098 mihi
1097 3052 1247 3098 refutavisse
1271 3053 1369 3099 videtur
1391 3059 1415 3098 et

235 3142 274 3190 his
293 3142 395 3203 quidem
413 3141 508 3190 verbis:
529 3141 583 3187 »hic
601 3143 706 3188 virtutes
718 3142 873 3204 singulorum
886 3143 1020 3189 verborum
1034 3151 1174 3190 tractantur
1187 3143 1251 3188 sicut
1264 3151 1332 3188 totus
1345 3142 1417 3200 liber,

236 3233 307 3280 cuius
325 3241 500 3296 argumentum
513 3232 658 3294 Simplicius
676 3233 759 3290 tradit,
778 3232 809 3278 de
827 3233 857 3278 iis
875 3241 971 3279 tantum
991 3240 1037 3290 est,
1055 3247 1120 3293 quae
1137 3233 1220 3278 verbis
1233 3232 1338 3294 singulis
1351 3233 1418 3279 acci-

236 3322 319 3372 dunt«
354 3321 454 3368 Deinde
477 3321 605 3368 Strillerus
630 3323 656 3382 (l.
673 3323 688 3369 l.
706 3338 730 3384 p.
748 3322 868 3391 51)¹loco
891 3322 1036 3370 collaudato
1055 3322 1172 3370 Oratoris
1190 3323 1324 3372 Ciceronis
1347 3323 1416 3369 nisus

235 3412 261 3473 (ξ
278 3412 318 3472 79)
335 3411 540 3474 Theophrastum
558 3412 602 3458 has
621 3420 740 3473 quattuor
757 3413 880 3458 orationis
898 3412 985 3459 laudes
1003 3413 1121 3474 posuisse
1139 3413 1248 3475 putavit:
1266 3411 1299 3462 τό
1313 3411 1418 3475 ἑλληνί-

236 3503 301 3560 ζειν,
319 3501 351 3551 τό
370 3501 468 3564 σαφές,
486 3501 518 3552 τό
536 3500 652 3564 πρέπον,
669 3501 702 3552 τό
720 3501 772 3565 ἡδὺ
791 3502 831 3548 vel
847 3501 1005 3566 γλάφυρόν,
1039 3501 1090 3549 Sed
1108 3502 1166 3549 huic
1184 3517 1285 3564 quoque
1303 3503 1418 3564 opinioni

237 3606 294 3637 cum
316 3591 399 3638 Rabio
422 3591 482 3638 mihi
505 3592 680 3639 obsistendum
704 3600 749 3650 est,
772 3592 814 3653 qui
838 3593 864 3652 (l.
881 3592 896 3639 l.
921 3607 944 3654 p.
965 3595 1003 3650 17)
1024 3592 1171 3638 Aristotelis
1196 3591 1418 3652 Theophrastique

235 3681 357 3728 librorum
378 3691 480 3744 praeter
501 3681 617 3743 dialogos
635 3696 667 3727 ne
684 3696 760 3728 unum
779 3681 880 3742 quidem
899 3697 913 3727 a
932 3681 1058 3730 Cicerone
1077 3683 1221 3744 inspectum
1239 3696 1296 3727 esse
1314 3681 1420 3728 demon-

231 3753 332 3828 sitavit,
360 3779 384 3817 et
409 3787 456 3818 nos
481 3786 510 3818 ex
528 3771 645 3832 Dionysii
663 3771 899 3818 Halicarnassensis
926 3773 1028 3833 scriptis
1047 3779 1071 3818 et
1091 3772 1215 3818 Demetrii
1238 3771 1314 3832 louge
1335 3771 1420 3832 plures

237 3875 312 3922 quam
330 3869 448 3922 quattuor
464 3861 552 3908 laudes
569 3862 610 3907 vel
628 3863 734 3908 virtutes
752 3861 869 3908 conferre
886 3877 971 3924 posse.
1001 3862 1111 3920 (Nomen
1131 3861 1234 3924 ἀρετῆς
1252 3863 1300 3923 τῆς
1319 3860 1421 3922 λέξεως

237 3951 304 4012 apud
329 3950 533 4012 Theophrastum
559 3952 663 3998 omnino
689 3951 803 3997 nondum
824 3951 969 4011 invenitur.)
1013 3949 1206 4011 Theophrastus
1229 3951 1304 4012 igitur
1325 3949 1420 3996 nullum

238 4047 334 4085 certum
351 4041 470 4086 virtutum
492 4039 531 4086 vel
555 4040 656 4088 laudum
672 4056 804 4087 numerum
823 4042 987 4087 constituisse
1006 4041 1112 4087 videtur.
1146 4040 1212 4086 Nam
1229 4040 1336 4102 legimus
1354 4041 1421 4103 apud

237 4129 388 4189 Dionysium
406 4129 661 4176 Halicarnassensem
683 4131 733 4190 (De
751 4130 829 4177 isocr.
848 4131 897 4176 iud.
915 4143 935 4189 3,
953 4146 977 4192 p.
996 4132 1130 4192 539—540)
1154 4129 1358 4192 Theophrastum
1378 4131 1422 4176 tri-

238 4218 326 4266 fariam
345 4219 376 4264 de
393 4219 527 4266 virtutibus
545 4229 649 4268 ornatae
672 4228 747 4281 atque
766 4220 848 4268 elatae
866 4222 988 4267 orationis
1014 4222 1097 4284 egisse
1120 4221 1163 4280 (cl.
1179 4221 1275 4267 Rabius
1288 4219 1330 4266 ll.
1348 4236 1372 4282 p.
1382 4229 1420 4280 45,

236 4309 388 4366 Volkmann,
405 4308 530 4357 Rhetorik
547 4326 571 4372 p.
589 4313 659 4369 394):
679 4309 803 4361 καθόλου
822 4310 853 4361 δέ
871 4315 957 4374 τριῶν
977 4312 1079 4368 ὄντων,
1098 4311 1135 4372 ὥς
1147 4323 1218 4374 φησι
1231 4310 1420 4374 Θεόφραστος

235 4398 265 4451 ἐξ
287 4399 328 4451 ὼν
345 4399 452 4461 γίνεται
473 4400 506 4450 τό
529 4400 599 4463 μέγα
617 4399 662 4451 καί
679 4401 785 4464 σεμνόν
810 4401 855 4453 καὶ
878 4401 1011 4464 περιττόν
1035 4401 1066 4451 ἐν
1085 4401 1163 4460 λέξει,
1185 4405 1236 4466 τῆς
1254 4415 1284 4452 τε
1304 4397 1420 4465 ἐκλογῆς
