3168 5066
643 413 907 514 „435¹

255 604 355 667 Nunc
377 603 422 666 ad
435 587 593 666 Graecos
613 619 678 665 nos
694 610 949 678 convertamus
969 602 1027 665 ubi
1042 619 1149 680 saepe
1165 603 1232 666 duo
1249 603 1332 666 vitia

143 711 345 776 soloecismi
365 720 401 774 et
421 709 627 774 barbarismi
643 728 713 772 uno
727 712 805 772 loco
820 709 1027 789 pertractari
1040 709 1199 774 vidimus.
1230 710 1333 788 Quin-

142 819 255 884 tiliani
283 827 445 899 quattuor
474 827 601 897 partes
635 817 871 895 adiectionem,
894 819 1153 891 detractionem,
1175 803 1332 882 tambra-

143 928 286 1002 tionem,
311 925 646 999 transmutationem,
675 925 767 1004 apud
793 925 975 1004 Polybium
999 926 1267 1014 grammaticum
1297 926 1332 989 in

144 1033 340 1114 appendice
364 1033 483 1096 Lexici
508 1032 788 1100 Vindobonensis
816 1005 1026 1098 offendimus
1050 1017 1104 1114 '(p.
1134 1033 1220 1112 283):
1250 1033 1331 1110 *aon-

146 1141 309 1220 βαρισμός
337 1139 405 1202 ἐστι
435 1140 604 1216 ἁμάρτημα
634 1139 667 1202 ἐν
697 1143 750 1219 μιᾷ
780 1138 859 1204 λέξει
887 1142 974 1218 παρὰ
1002 1142 1059 1216 τὴν
1087 1141 1161 1217 παρ’
1181 1139 1332 1215 ἑκάστοις

146 1249 334 1324 συνήθειαν.
362 1247 479 1322 γίνεται
506 1248 543 1308 δὲ
569 1247 648 1308 κατὰ
669 1247 811 1324 τρόπους
831 1247 1013 1323 τέσσαρας·
1036 1247 1160 1310 ἔνδειαν
1187 1249 1334 1327 (detrac-

143 1357 299 1434 tionem),
308 1354 534 1432 πλεονασμόν(
538 1355 787 1434 adiectionem),
796 1354 965 1431 μετάθεσιν
972 1357 1333 1433 (transmutationem),

145 1451 330 1538 ἑναλλὰγήν
352 1463 661 1542 (immutationem),
683 1462 752 1538 ἥτις
773 1464 825 1554 καὶ
843 1462 1006 1538 ,ἀντίθεσις
1028 1466 1177 1526 καλεῖται,

256 1571 463 1636 Necessario
490 1588 569 1633 cum
590 1572 657 1634 hac
679 1571 722 1632 de
743 1571 960 1634 barbarismo
983 1573 1153 1636 sententia
1175 1573 1232 1636 illa
1254 1591 1333 1636 con-

142 1681 264 1746 iuncta
280 1689 341 1756 est,
358 1697 463 1758 quam
478 1679 723 1756 Quintilianum
739 1679 770 1758 (ξ
781 1681 829 1757 11)
846 1679 1003 1760 proferre
1019 1681 1193 1746 videmus:
1218 1682 1333 1747 »Scire

144 1796 266 1850 autem
288 1786 391 1848 debet
412 1804 498 1864 puer
519 1787 608 1851 haec
628 1787 721 1866 apud
740 1787 928 1866 scriptores
948 1789 1140 1852 carminum
1155 1800 1215 1853 aut
1228 1789 1333 1854 venia

144 1895 254 1974 digna
276 1903 335 1956 aut
357 1894 462 1956 etiam
482 1895 585 1956 laude
608 1895 715 1956 duci«.

256 2001 480 2066 Adiectiones
510 2002 628 2081 igitur,
656 2003 902 2080 detractiones,
928 2003 1194 2082 immutationes,
1222 2014 1332 2068 trans-

142 2110 367 2186 mutationes
390 2129 479 2190 quae
502 2111 594 2190 apud
614 2120 738 2190 poetas
760 2112 972 2189 accidebant,
995 2132 1064 2176 non
1084 2133 1147 2193 pro
1162 2116 1334 2178 barbaris-

142 2219 213 2283 mis
242 2219 305 2281 sed
326 2235 390 2298 pro
411 2218 534 2297 figuris
555 2219 781 2281 habebantur.
823 2220 904 2298 Ipsa
924 2219 982 2282 illa
1002 2220 1141 2298 partitio
1164 2239 1266 2301 quem
1289 2223 1334 2284 ad

141 2307 283 2392 fontem*
307 2327 437 2402 redeat,
467 2326 637 2388 Varronis
666 2327 853 2388 edocemur
881 2338 980 2390 sexto
1008 2329 1050 2390 de
1071 2329 1189 2409 lingua
1210 2330 1334 2392 Latina

344 2497 505 2556 adiectione,

309 2513 323 2544 a

309 2500 336 2646 ἐ)
353 2588 520 2643 detractione,

310 2680 334 2738 ε)

352 2677 536 2731 immutatione,

310 2768 336 2828 d)
353 2769 572 2824 transmutatione,

259 2861 291 2908 D.
309 2861 334 2906 in
352 2859 397 2906 der
414 2858 587 2922 Aussprache:

310 2952 335 3011 a)
352 2951 486 3008 divisione,

309 3042 337 3101 b)
354 3041 540 3103 complexione,

260 3118 263 3120 ’
311 3134 335 3190 c)
353 3131 516 3192 aspiratione,

312 3221 338 3280 d)
356 3235 442 3268 sono«
548 3241 550 3248 ,
1127 3199 1129 3204 ,
1234 3223 1244 3250 ⁰

262 3311 389 3373 Quattuor
413 3318 499 3372 partes
525 3311 556 3358 ab
581 3311 693 3358 Usenero
710 3310 802 3358 litteris
819 3311 842 3357 A
859 3311 877 3358 B
896 3311 917 3359 C
936 3311 958 3358 D
977 3311 1136 3373 significatas
1159 3326 1189 3358 ex
1210 3311 1336 3356 hocloco

148 3402 226 3450 Fabii
244 3401 306 3448 artis
322 3399 391 3448 nullo
407 3399 485 3450 modo
504 3415 591 3447 eruere
608 3415 720 3463 possum.
753 3401 820 3448 Nam
837 3402 946 3462 primum
965 3413 1015 3448 tres
1033 3409 1130 3448 tantum
1148 3409 1233 3461 partes
1252 3399 1336 3449 verbis

142 3489 254 3550 ‘unum',
268 3487 403 3545 ‘alterum',
417 3487 539 3536 ‘tertium’
557 3489 741 3551 Quintilianum
760 3491 841 3552 ipsum
861 3491 1003 3552 significare
1016 3490 1141 3546 videmus;
1156 3489 1255 3544 deinde,
1268 3488 1336 3552 quod

148 3584 214 3632 mihi
233 3581 337 3630 maximi
355 3581 478 3628 momenti
497 3589 542 3637 est,
560 3579 662 3626 tertium
680 3580 762 3625 solum
780 3593 859 3642 genus
877 3580 1027 3626 barbarismi
1039 3596 1052 3625 a
1064 3581 1231 3640 grammatico
1242 3581 1337 3641 respici

147 3680 249 3736 potest,
272 3671 312 3718 cui
335 3669 383 3717 soli
405 3671 467 3716 vitia
489 3669 617 3716 scribendi
640 3680 665 3716 et
686 3669 788 3716 dicendi
813 3671 933 3726 (Useneri
955 3679 1040 3731 partes
1059 3669 1080 3718 C
1099 3679 1124 3716 et
1141 3669 1174 3728 D)
1198 3683 1336 3731 eorumque

147 3771 240 3827 partes
262 3761 377 3808 subiecta
395 3768 459 3806 sunt.
493 3761 520 3806 In
545 3760 594 3806 hoc
611 3768 709 3806 tantum
727 3775 820 3821 genere
839 3760 1017 3818 adiectionem,
1036 3760 1229 3822 detractionem,
1248 3760 1338 3806 immu-

148 3854 287 3908 tat-ionem,
309 3851 555 3907 transmutationem,
577 3849 736 3906 divisionem,
755 3851 966 3912 complexionem,
985 3851 1174 3912 aspirationem,
1194 3832 1284 3898 sonum
1302 3851 1339 3898 iu·

149 3944 242 3996 venire
263 3955 400 4004 possumus
421 3940 465 3998 (cs,
483 3941 529 4004 §6
550 3940 606 4001 ετξ
627 3951 655 3986 lo
678 3939 806 3988 »Tertium
830 3948 869 3986 est
891 3941 952 3986 illud
975 3941 1063 3986 vitium
1084 3939 1244 3997 barbarismi,
1267 3941 1337 3988 cuius

149 4033 273 4096 exempla
294 4032 369 4094 vulgo
392 4040 449 4078 sunt
471 4031 585 4093 plurima,
609 4031 656 4078 sibi
679 4024 755 4079 etiam
778 4031 885 4092 quisque
906 4030 1003 4092 fingere
1025 4037 1118 4091 potest,
1140 4038 1167 4076 ut
1189 4030 1275 4086 verbo,
1299 4031 1338 4078 cui

147 4125 252 4180 libebit,
271 4122 365 4170 adiciat
382 4122 493 4168 litteram
512 4121 667 4182 syllabamve
685 4121 726 4167 vel
743 4121 867 4177 detrahat,
886 4129 928 4166 aut
946 4121 1020 4166 aliam
1038 4136 1084 4182 pro
1104 4121 1154 4166 alia
1171 4130 1213 4167 aut
1230 4121 1337 4167 eandem

149 4217 214 4272 alio,
236 4227 313 4275 quarn
336 4219 432 4258 rectum
456 4223 506 4270 est3
529 4212 587 4258 loco
606 4215 726 4273 ponatrl.
749 4210 860 4256 Primum
878 4209 1030 4256 barbarismi
1048 4224 1127 4271 genus
1145 4211 1169 4272 (ξ
1189 4212 1212 4270 7)
1234 4225 1285 4256 non
1306 4211 1338 4255 ad

149 4304 358 4368 grammaticum,
381 4303 426 4349 sed
444 4302 476 4349 ad
493 4303 628 4358 rhetorem,
646 4302 759 4358 alterum,
778 4299 846 4362 quod
863 4300 890 4346 fir
909 4301 986 4346 animi
1001 4309 1092 4346 natura
1108 4289 1134 4362 (ᾗ
1151 4302 1183 4359 9),
1207 4313 1288 4360 neque
1307 4299 1339 4346 ad

148 4397 222 4443 hunc
238 4407 323 4454 neque
341 4393 374 4439 ad
391 4395 584 4454 grammaticum
603 4401 726 4455 spectat«
1024 4371 1029 4381 ¹
