3168 5066
656 421 856 482 -Ῑῖ-

146 608 328 670 detractis
358 609 401 669 ab
434 617 576 669 auctore
608 607 731 670 Latino
764 607 908 688 singulis
939 611 1106 691 partibus
1138 611 1202 674 sed
1232 621 1352 674 tamen

146 725 319 778 veterem
340 716 492 778 auctoris
506 715 633 778 Graeci
654 716 916 794 dispositionem
937 735 1068 798 magna
1088 737 1132 780 ex
1155 727 1255 799 parte
1270 737 1351 782 con·

150 825 327 886 servavit.
355 824 474 903 ltaque
489 823 705 900 Nettleshipii
727 824 920 886 sententiae
935 825 1096 888 assentiri
1109 844 1179 888 non
1194 843 1350 906 possum,

151 931 221 1012 qui
243 929 482 992 dissertatione
505 947 569 992 sua
590 930 698 992 othe
713 929 825 1009 Study.
846 931 884 992 ol
896 931 998 994 Latin
1013 932 1201 995 Grammar
1221 951 1351 1012 among

151 1041 222 1102 the
243 1039 396 1100 Romans
417 1037 452 1100 in
471 1039 530 1100 the
551 1037 628 1099 first
649 1049 794 1116 century
815 1039 857 1101 A.
879 1039 922 1102 D.
939 1039 1083 1122 Journal
1109 1041 1146 1102 of
1165 1039 1351 1120 Philology

157 1149 209 1209 15.
231 1164 263 1225 p.
282 1146 471 1222 189-214«)
492 1147 557 1206 hos
580 1145 676 1207 Fabii
696 1145 811 1208 fontes·
833 1165 956 1210 eruere
979 1159 1125 1213 conatus
1147 1157 1201 1212 est
1223 1147 1278 1226 lei.
1294 1151 1314 1212 l.
1330 1151 1350 1211 l.

154 1273 191 1334 p.
217 1253 302 1330 210:
325 1253 447 1332 capitis
467 1253 516 1314 lV
537 1263 571 1315 et
593 1253 626 1314 V
648 1254 686 1332 ἐξ
711 1255 809 1316 1-51
822 1255 970 1317 Remmii
985 1255 1206 1318 Palaemonis
1228 1265 1350 1330 artem,

156 1361 285 1440 capitis
297 1361 523 1424 vot-vla?
535 1361 633 1423 Plinii
647 1362 770 1424 dubios
787 1379 977 1431 sermones,
993 1363 1116 1442 capitis
1128 1363 1191 1425 VH
1202 1365 1241 1442 ἐξ
1252 1365 1351 1434 1,-28

155 1469 277 1532 Verrii
291 1453 408 1530 Flacci
430 1469 472 1530 de
494 1469 745 1549 orthographia
765 1470 881 1532 libros,
907 1470 979 1532 lam
994 1469 1264 1533 blackensenius
1280 1472 1311 1548 tl.
1329 1473 1349 1535 l.

154 1563 191 1656 p.
217 1577 268 1654 46)
290 1585 384 1638 recte
408 1576 658 1639 demonstravit
680 1587 850 1639 tractatus
865 1577 988 1656 capitis
1003 1577 1052 1638 IV
1067 1579 1105 1656 ἐξ
1120 1579 1221 1639 4-17
1238 1587 1271 1640 et
1286 1579 1320 1640 V
1321 1578 1351 1640 ll

155 1685 199 1763 ἐξ
216 1684 399 1746 1—-281am
421 1695 495 1746 arte
509 1685 599 1746 inter
613 1703 651 1747 se
667 1685 870 1748 coniunctos
885 1703 973 1761 esse,
988 1695 1026 1748 ut
1042 1684 1289 1761 Quintilianum
1304 1685 1350 1748 ad

154 1794 227 1854 has
259 1802 375 1870 partes
404 1791 637 1854 conficiendas
663 1792 750 1855 duos
775 1793 934 1854 diversos
958 1792 1120 1855 auctores
1148 1792 1349 1856 adhibuisse

153 1900 256 1960 nullo
277 1899 379 1961 modo
401 1899 578 1978 probabile
601 1900 653 1962 sit.
687 1901 765 1962 Hoc
786 1900 817 1962 ei
838 1901 984 1963 libenter
1005 1900 1170 1974 concedo,
1197 1900 1260 1962 sed
1281 1901 1349 1961 hoc

153 2024 277 2070 unum.
308 2007 398 2070 Nam
413 2007 505 2086 quod
519 2007 574 2069 ille
588 2008 682 2070 addit
698 2009 814 2070 omnia
828 2009 916 2070 haec
931 2026 975 2069 ex
992 2007 1106 2070 Verrii
1120 2007 1237 2069 Flacci
1252 2007 1348 2070 libris

155 2125 302 2193 sumpta
322 2133 409 2190 esse,
431 2116 579 2194 probare
601 2133 671 2176 non
685 2133 838 2194 possum.
868 2117 1123 2178 Perlustremus
1139 2114 1230 2177 enim
1245 2115 1347 2178 huius

154 2222 225 2284 viri
249 2221 339 2285 docti
359 2223 705 2302 argumentationem.
735 2223 857 2302 Capite
879 2223 907 2284 ll
929 2221 1181 2284 dissertationis
1203 2239 1288 2283 suae
1304 2222 1347 2284 de

154 2331 303 2404 ratione,
318 2350 406 2410 quae
421 2330 600 2394 intercedit
614 2331 703 2392 inter
718 2331 897 2404 Scaurum,
913 2330 1083 2408 Longum,
1099 2328 1347 2406 Quintilianum

155 2439 377 2502 Victorinum
399 2438 479 2518 agit,
502 2448 535 2500 et
558 2455 679 2500 omnes
702 2439 766 2500 hos
788 2437 1037 2516 grammaticos
1060 2455 1104 2498 ex
1118 2454 1187 2498 uno
1203 2445 1346 2498 auctore

154 2547 311 2626 pendere
333 2541 571 2610 demonstrare
594 2555 738 2608 conatur
759 2545 913 2608 adhibita
928 2544 1042 2607 Verrii
1057 2545 1085 2606 F
1087 2544 1163 2606 lacii
1180 2544 1345 2620 doctrina,

154 2672 248 2734 quae
270 2655 362 2734 apud
382 2655 526 2718 Festum
547 2665 581 2716 et
602 2655 747 2716 Paulum
769 2663 893 2714 exstat.
934 2652 1004 2715 Sed
1025 2651 1161 2714 etiamsi
1181 2653 1346 2714 nonnulla

153 2763 294 2824 illorum
316 2762 622 2840 grammaticorum
644 2763 805 2839 exempla
826 2760 1053 2834 consentiunt,
1077 2737 1252 2820 nihil‘inde
1267 2761 1345 2838 pro-

154 2869 234 2931 bari
260 2878 354 2948 puto,
396 2869 457 2930 llla
483 2869 582 2943 enim,
611 2869 670 2930 ubi
698 2871 807 2930 semel
829 2869 966 2946 prolata
987 2877 1095 2944 erant,
1117 2867 1161 2928 ab
1185 2867 1344 2928 omnibus

154 2977 232 3038 fere
253 2977 489 3056 grammaticis
509 2977 634 3039 iterum
656 2987 758 3055 atque
774 2975 898 3037 iterum
913 2973 1189 3052 proferebantur,
1203 2974 1237 3036 id
1252 2973 1344 3052 quod

154 3087 215 3147 vel
246 3085 338 3164 apud
366 3085 522 3147 Graecos
553 3084 684 3147 iactum
714 3103 793 3146 esse
815 3083 1005 3145 Herodiani
1035 3081 1122 3142 libro
1155 3081 1197 3142 de
1229 3081 1344 3142 ortho-

154 3193 306 3272 graphia
320 3195 510 3256 luculenter
526 3193 699 3254 docemur.
722 3192 841 3270 Neque
858 3209 899 3252 eo
911 3206 1066 3262 moveor,
1079 3171 1171 3266 quod
1182 3189 1342 3252 blacken-

155 3301 275 3364 senius
296 3319 396 3363 suam
418 3302 461 3362 de
482 3300 607 3363 Verrio
630 3300 825 3379 opinionem
847 3298 894 3360 ita
916 3296 1037 3360 fulcire
1059 3297 1182 3368 studet,
1204 3306 1240 3357 ut
1255 3314 1287 3374 p.
1303 3296 1343 3357 23

154 3409 444 3488 orthographiam
476 3410 559 3472 artis
591 3419 727 3487 partem
756 3407 864 3470 fuisse
896 3415 1014 3484 neget,
1043 3404 1341 3484 peculiaribusque

154 3526 291 3580 tantum
310 3514 405 3580 libris'
423 3535 501 3580 eam
516 3525 701 3579 tractatam
716 3515 823 3578 fuisse
840 3512 1034 3584 contendat,
1046 3529 1133 3591 quos
1145 3528 1341 3591 perpaucos

155 3625 331 3687 exstitisse
354 3624 418 3686 sibi
438 3624 620 3703 persuasit.
656 3624 706 3684 Re
728 3640 814 3684 vera
835 3621 925 3684 enim
948 3618 1234 3698 orthographiam
1256 3618 1340 3679 artis
1437 3625 1439 3630 “

153 3742 293 3812 partem
324 3732 418 3811 apud
449 3733 605 3795 Graecos
636 3731 743 3794 fuisse
776 3739 898 3792 auctor
929 3746 949 3790 a
977 3727 1085 3790 Sexto
1116 3727 1341 3804 impugnatus

154 3839 315 3916 ostendit,
349 3840 445 3902 cuius
477 3841 675 3918 exemplum
707 3837 880 3900 neminem
909 3835 1001 3914 apud
1030 3835 1172 3896 Latinos
1201 3833 1341 3912 praeter

154 3948 403 4026 Quintilianum
435 3959 592 4011 secutum
625 3965 704 4008 esse
735 3963 847 4024 neque
880 3942 1131 4006 demonstravit
1157 3940 1340 4020 quisquam

153 4074 268 4136 aeque
290 4056 549 4118 demonstrabit.
591 4054 841 4132 Quintilianeae
870 4060 987 4114 autem
1014 4049 1098 4112 artis
1123 4057 1241 4128 partes
1267 4058 1339 4110 tam

153 4174 229 4228 arte
258 4164 347 4225 inter
372 4181 411 4226 se
436 4163 571 4225 iunctas
592 4179 770 4240 nexasque
793 4159 1015 4234 ostendimus,
1037 4157 1155 4220 utrix
1178 4155 1338 4219 credibile

152 4271 196 4335 sit
219 4289 301 4334 eum
322 4289 369 4336 ex
388 4270 534 4332 diversis
557 4269 755 4332 auctoribus
778 4268 932 4346 singulas
954 4275 1073 4344 partes
1095 4264 1285 4343 repetiisse.

263 4379 358 4440 Idem
387 4386 630 4458 argumentum
661 4376 852 4438 sententiae
882 4373 1152 4451 aNettleshipio
1180 4373 1337 4450 prolatae
